1690 3067
233 63 332 128 276
507 65 1406 131 QUINTE-CURCE;

231 149 366 210 tela.
411 149 646 209 Barbari
690 171 918 231 quoque
963 152 1246 231 ingentem
1285 153 1396 214 vim
1437 148 1660 234 sagitta2

231 252 359 290 :rum
395 229 646 291 infudere
680 232 910 291 ratibuS.
946 231 1173 312 Vixque
1211 232 1385 292 ullum
1411 233 1516 293 fuit
1539 235 1658 294 scub

230 332 394 382 tum,
433 312 589 394 quod
635 334 748 371 non
788 313 1042 392 pluribus
1087 316 1245 374 simul
1280 314 1499 394 spiculis
1534 338 1658 396 pera-

230 393 532 454 foraretur.
565 395 798 473 Jamque
822 415 983 454 terrae
1014 415 1159 454 rates
1193 398 1616 474 applicabantur
1635 438 1656 467 ‚

232 497 364 536 cum
402 478 544 535 acies
579 477 834 556 clypeata
873 479 1162 556 consurgit
1181 520 1198 544 ,
1223 481 1280 536 &
1302 477 1478 538 hastas
1502 498 1658 538 certo

233 558 346 618 ictu
370 602 383 626 ‚
413 577 612 637 utpote
648 556 826 616 libero
864 560 994 616 nixu
1017 602 1032 627 ,
1067 560 1238 617 mittit
1271 580 1299 616 e
1326 561 1556 619 ratibus.
1582 560 1658 619 Et

231 660 299 699 ut
324 641 549 699 territos
583 640 1025 720 recipientesque
1058 662 1234 720 equos
1270 640 1503 712 videre3·
1540 641 1658 701 ala-

237 724 357 781 cres
400 740 591 779 mutua
627 720 1017 786 adhortatione
1050 726 1106 780 in
1143 741 1348 781 terram
1387 722 1659 784 desiliere'.

233 801 505 862 Turbatis
567 803 768 860 acriter
819 802 1022 881 pedem
1080 801 1282 862 inferre
1340 799 1655 883 coeperun-tss

233 883 510 964 Equitum
549 882 749 943 deinde
783 902 1014 953 turmae,
1061 905 1186 964 quae
1216 883 1460 945 frenatos
1486 886 1659 945 habe-

236 965 376 1026 bant
396 986 572 1045 equos
588 1007 604 1033 ‚
628 964 943 1045 perfregere
962 965 1326 1025 barbarorum
1354 969 1547 1025 aciem.
1569 966 1660 1025 In·
1684 1004 1686 1006 v

234 1049 397 1107 terim
421 1047 595 1106 ceteri
618 1052 835 1127 agmine
867 1046 1252 1108 dimicantium
1274 1049 1405 1107 tedii
1431 1067 1658 1129 aptave-

237 1151 296 1188 re
321 1127 374 1187 se
402 1151 632 1209 pugnae.

325 1209 455 1290 Ipse
489 1233 588 1270 rex
610 1254 625 1280 ,
662 1208 816 1290 quod
856 1211 1065 1287 vigoris
1086 1253 1100 1278 ‚
1134 1231 1284 1289 aegro
1321 1208 1506 1269 adhuc
1530 1230 1658 1270 cor-

236 1314 378 1375 pore
399 1335 414 1361 ,
452 1293 642 1352 deerat
664 1335 680 1361 ‚
720 1294 885 1350 animi
910 1291 1170 1351 firmitate
1197 1291 1503 1370 supplebat.
1525 1292 1683 1353 Voxt

233 1374 581 1434 adhortantis
605 1394 718 1433 non
744 1393 965 1452 poterat
992 1372 1204 1441 audiri,
1240 1373 1489 1432 nondum
1517 1373 1658 1434 bene

239 1455 485 1516 obdutsta
527 1456 789 1516 cicatrice
833 1460 1066 1514 cervicis
1102 1479 1120 1527 3
1162 1452 1256 1513 sed
1301 1454 1667 1518 dimicantem

238 1540 425 1597 cumf’d
466 1538 753 1599 videbant.
796 1535 998 1617 Itaque
1041 1537 1147 1615 ipsi
1187 1535 1414 1618 quidem
1454 1535 1667 1596 ducum·

232 1619 617 1700 fungebantur
648 1617 880 1689 officio3
921 1618 1168 1698 aliusque
1207 1617 1373 1676 alium
1407 1618 1669 1678 adhorta&

238 1704 281 1762 ti
301 1745 319 1771 >
343 1706 398 1761 in
434 1701 647 1761 hostem
681 1700 867 1758 salutis
900 1701 1251 1759 immemores
1282 1721 1441 1759 ruere
1474 1721 1658 1780 coepe-

237 1804 387 1843 runt.
415 1784 565 1843 Tum
590 1806 727 1843 vero
753 1804 864 1841 non
887 1803 982 1840 ora
1003 1827 1019 1850 ,
1055 1803 1164 1840 non
1192 1803 1339 1841 arma
1361 1825 1377 1850 ,
1405 1803 1516 1840 non
1541 1781 1654 1842 cla·-

235 1887 452 1925 morem
494 1865 732 1924 hostium
771 1864 993 1923 barbari
1029 1865 1269 1923 tolerare
1311 1881 1655 1942 potuerunt:

233 1968 540 2027 omnesque
571 1946 756 2007 effusis
792 1946 1022 2004 habenis
1061 1948 1082 2019 (
1123 1966 1361 2023 namque
1394 1943 1653 2026 equestris

233 2031 384 2089 acies
403 2034 562 2105 erat)
590 2047 883 2107 capessunt
909 2026 1116 2105 fugam.
1143 2028 1305 2100 Quos
1330 2049 1457 2099 rex,
1483 2047 1654 2106 quan-

236 2133 402 2191 quam
437 2113 795 2170 vexationem
839 2108 1066 2170 invalidi
1104 2113 1357 2186 corporis
1395 2111 1511 2188 pati
1546 2127 1652 2166 non

235 2211 460 2271 poterat
482 2235 499 2262 ,
537 2215 639 2272 per
674 2211 833 2250 Lxxx
865 2209 1050 2249 tamen
1085 2189 1253 2249 stadia
1281 2191 1498 2269 insequi
1529 2209 1651 2270 per.-

235 2273 526 2333 severavit.
567 2274 802 2352 Jamque
833 2272 1121 2351 linquente
1157 2272 1339 2330 animo
1374 2271 1486 2330 suis
1515 2290 1650 2350 prae-

236 2355 387 2434 cepit
409 2398 425 2423 ,
460 2372 515 2409 ut
548 2353 703 2410 donec
728 2356 856 2409 lucis
886 2351 1094 2430 aliquid
1115 2354 1389 2432 superesset
1410 2397 1426 2416 ,
1440 2354 1647 2431 fngien-
1682 2409 1690 2426 Ἢ

236 2440 368 2491 timu
393 2439 544 2511 tergis
567 2435 849 2491 inhaererem
868 2460 883 2490 .·
911 2436 1030 2514 ipse
1053 2432 1324 2494 exhaustis
1350 2437 1515 2493 etiam
1545 2435 1650 2492 ani·
1683 2452 1690 2483 ⁴.

236 2522 310 2578 mi
341 2517 586 2587 viribuS‚
615 2518 668 2576 in
698 2515 869 2577 castra
893 2514 944 2575 se
969 2521 1216 2595 recepit,
1243 2516 1520 2596 reliquum
1537 2512 1650 2572 sub·
1687 2542 1690 2562 ι

237 2599 394 2660 stitit,
1587 2616 1591 2620 ’

322 2679 688 2752 Transierant
738 2683 845 2763 jam
884 2679 1080 2742 Liberi
1125 2678 1294 2761 patris
1340 2679 1655 2754 terminos}
