1690 3067
229 96 498 151 ‘LIVRE
534 101 589 149 V.
630 89 1088 147 CHAPJTRE
1126 92 1305 150 VJJJ.
1428 111 1487 165 59

62 201 121 243 re
147 181 529 243 Macedonum
553 203 712 262 reges
730 227 747 252 ‚
774 202 910 262 quas
946 203 1096 241 nunc
1128 183 1335 242 habent
1355 182 1489 242 Par-

63 265 147 322 thi
185 285 199 323 :
239 264 402 342 hujus
451 262 741 342 vestigium
787 284 899 322 non
952 264 1331 334 inveniretur,
1382 267 1488 324 nisi

62 345 285 406 Araxes
321 347 494 405 amnis
527 344 862 405 ostenderet,
895 343 1067 404 Haud
1104 345 1304 424 procul
1348 370 1490 405 moe-

64 426 228 487 nibus
259 425 542 498 fluxerat3
584 426 716 487 inde
758 427 953 485 urbem
989 424 1154 485 fuisse
1189 448 1267 485 xx
1305 426 1489 487 stadiis

61 507 352 568 distantem
379 550 397 577 ,
436 507 675 568 credunt
706 513 881 587 magis
917 528 1084 587 quam
1116 505 1295 567 sciunt
1316 531 1497 569 acco—tr

61 588 151 648 lae.
185 588 442 649 Pudebat
467 588 811 649 Macedones
832 631 849 658 ,
881 608 995 647 tam
1029 588 1352 667 praeclaram
1390 613 1488 649 ur-

61 670 191 731 bem
222 693 251 730 a
276 669 721 730 comessabundo
762 692 892 751 rege
919 669 1160 730 deletam
1186 691 1321 729 esse.
1358 670 1486 730 Ita-

60 772 171 833 que
196 753 366 812 resin
401 750 599 810 serium
633 773 790 814 versa
817 771 940 822 est3
980 755 1037 811 ὅ(
1071 754 1486 831 imperaverunt

61 833 170 894 sibi
188 876 203 902 ‚
236 853 300 893 ut
321 832 644 901 crederent,
664 833 762 892 illo
794 837 1144 912 potissimum
1168 833 1340 892 modo
1360 832 1486 891 fuis-

58 913 112 973 se
156 913 468 974 delendam.
511 913 702 994 Ipsum
739 956 755 981 ‚
806 932 869 972 ut
912 915 1151 992 primum
1197 933 1486 994 gravatam

60 995 331 1055 ebrietate
363 1015 605 1055 mentem
641 999 798 1075 quies
835 994 1079 1053 reddidit
1102 1037 1120 1064 ‚
1156 997 1486 1074 poenituisse

61 1076 277 1146 constat
294 1119 310 1146 ,
347 1080 404 1135 &
431 1075 632 1135 dixisse
657 1096 674 1146 3
701 1079 909 1147 majores
938 1092 1115 1154 peenas
1142 1081 1319 1133 Persas
1344 1081 1483 1132 Gre-

59 1162 130 1213 cis
163 1156 371 1213 daturos
381 1158 546 1233 faisse
566 1200 583 1226 ,
621 1159 664 1212 si
686 1158 851 1237 ipsum
874 1158 1068 1229 infolio
1094 1159 1328 1235 regiaque
1346 1164 1484 1214 Xer-

60 1240 143 1293 xis
180 1239 412 1318 respicere
452 1240 611 1294 coacfh'
644 1254 819 1295 essent,
855 1235 1082 1296 Postero
1128 1238 1216 1297 die
1252 1238 1439 1319 Lycio
1461 1284 1483 1310 ,

57 1321 268 1379 itineris
292 1362 308 1388 ,
344 1341 458 1399 quo
484 1317 764 1379 Persidem
791 1323 1094 1379 intraverat
1115 1362 1131 1388 ‚
1169 1318 1334 1388 duci,
1361 1342 1482 1381 xxx

58 1402 267 1459 talenta
292 1400 444 1460 dono
479 1399 654 1459 dedit.
691 1400 843 1458 Hinc
877 1401 932 1457 in
961 1406 1247 1479 regionem
1275 1400 1484 1461 Mediae

12 1546 16 1553 ‚
57 1483 272 1541 transiit
292 1525 308 1550 ,
337 1482 434 1541 ubi
457 1480 902 1561 supplementum
926 1502 1202 1541 novorum
1240 1481 1483 1543 militum

57 1585 87 1621 e
113 1563 311 1623 Cilicia
335 1567 601 1622 occurrit.
623 1561 880 1621 Peditum
904 1582 1058 1621 erant
1082 1564 1327 1643 quinque
1352 1564 1487 1622 mil-³

57 1645 128 1703 lia
149 1688 165 1713 ,
202 1646 416 1724 equites
440 1643 624 1703 mille:
661 1644 909 1722 utrisque
934 1642 1095 1701 Plato
1123 1644 1483 1704 Atheniensis

56 1744 313 1803 praeerat.
350 1726 456 1784 His
490 1725 664 1806 copiis
691 1725 879 1782 auclus
900 1766 919 1794 ‚
953 1724 1190 1785 Darium
1221 1730 1482 1807 persequi

60 1804 267 1866 statuit.

143 1888 194 1946 C
230 1905 270 1946 A
303 1907 358 1948 P.
399 1886 615 1948 VIII.
651 1886 758 1947 Ille
797 1889 905 1965 jam
944 1886 1231 1947 Ecbatana
1275 1909 1479 1968 perve-

58 1988 214 2030 nerat
243 1989 412 2051 caput
439 1969 662 2029 Mediae.
689 1969 911 2029 Urbem
939 1970 1080 2028 hanc
1107 1991 1253 2028 nunc
1283 1988 1480 2029 tenent

54 2050 274 2119 Parthi,
294 2072 468 2131 eaque
493 2049 674 2111 aestiva
699 2049 1160 2130 agentibussedes
1181 2049 1276 2109 est.
1299 2049 1481 2110 Adire

56 2130 258 2191 deinde
291 2132 490 2192 Baclra
517 2133 878 2193 decreverat:
903 2129 997 2190 sed
1025 2133 1265 2204 veritus,
1292 2152 1361 2190 ne
1382 2153 1481 2190 ce-

62 2211 280 2273 leritate
326 2213 639 2273 Alexandri
696 2232 1066 2291 occuparetur
1108 2258 1122 2276 ,
1186 2212 1480 2272 consilium

63 2294 278 2374 iterque
301 2297 557 2356 mutavit.
579 2294 798 2353 Aberat
831 2293 899 2352 ab
933 2315 1000 2352 eo
1031 2293 1356 2352 Alexander
1376 2292 1484 2352 sta-

63 2373 152 2433 dia
176 2394 224 2432 M
243 2395 286 2433 D
308 2396 328 2446 3
355 2375 446 2436 sed
470 2379 578 2455 jam
603 2376 817 2434 nullum
838 2374 1191 2435 intervallum
1218 2375 1485 2435 adversus

64 2453 406 2516 celeritatem
439 2461 555 2538 ejus
591 2457 714 2517 satis
745 2457 976 2534 longum
1008 2455 1324 2515 videbatur.
1362 2454 1487 2514 Ita-

64 2556 174 2614 que
212 2537 403 2616 praelio
432 2543 604 2617 magis
626 2582 642 2608 ‚
671 2559 836 2618 quam
868 2534 1013 2615 fugae
1042 2535 1094 2595 se
1120 2537 1487 2616 praeparabat,

68 2615 204 2674 Xxx
246 2617 414 2677 millia
456 2619 707 2697 peditum
747 2617 1117 2697 sequebantur
1145 2661 1160 2686 ‚
1205 2619 1258 2674 in
1287 2617 1488 2696 quibus

70 2697 404 2760 Graecorum
427 2721 580 2762 erant
607 2719 848 2782 quatuor
879 2697 1048 2760 millia
1066 2743 1085 2771 ,
1114 2697 1224 2757 fide
1247 2720 1377 2776 erga
1399 2717 1491 2754 re-·

1224 2795 1329 2860 evj
