1690 3067
150 65 415 142 mn
453 86 630 142 Vni.
663 86 1129 141 CHAPJTRE
1154 92 1221 142 X.
1338 102 1431 156 371

20 169 153 235 facia
189 195 344 235 erant
365 217 383 246 ,
416 194 869 256 conceptumque
907 176 1092 255 ignem
1128 174 1238 235 late
1274 174 1437 237 fude-

20 277 76 317 re
92 278 112 329 3
143 254 323 316 donec
349 258 532 316 omnia
556 255 674 315 solo
697 276 911 337 aequata
935 257 1077 315 sunt.
1098 257 1172 316 Et
1199 280 1266 317 ex
1294 260 1432 318 urbe

17 338 252 419 primum
281 359 483 397 canum
506 337 771 407 latratuS‚
806 338 1008 398 deinde
1045 339 1211 397 etiam
1248 341 1436 398 homi-

0 437 144 477 'num
185 417 435 478 fremitus
478 419 700 479 auditus
737 418 831 479 est.
882 418 1035 478 Tum
1070 422 1128 478 &
1165 421 1433 498 oppidani

2 496 258 576 :hostem3
297 503 356 559 &
383 499 728 561 Macedones
753 505 903 582 ipsos
937 499 1008 560 ad
1037 499 1238 580 turbem
1261 499 1434 562 venis-

6 577 66 640 ,se
87 599 456 660 cognoscunt.
948 622 974 642 J„

87 661 320 741 Jamque
345 683 442 719 rex
474 658 744 721 eduxerat
773 662 992 743 copias,
1015 663 1074 720 &
1103 662 1307 721 moenia
1330 662 1431 722 ob·

13 739 229 802 ‚sidebat
264 762 283 813 3
337 764 464 802 cum
500 742 736 801 hostium
769 784 784 810 ,
831 744 928 822 qui
963 741 1255 803 discrimen
1305 763 1429 803 ten-

17 841 263 883 taverant
283 866 298 891 ,
326 823 516 882 obruti
539 823 663 883 telis
687 822 829 882 sunt.
860 824 1003 883 Aliis
1028 846 1163 904 ergo
1189 824 1430 884 deditio-

14 923 134 963 nem
156 927 174 977 ;
218 904 334 963 aliis
370 927 615 985 pugnam
655 906 892 983 experiri
932 904 1189 984 placebat
1222 926 1242 977 3
1280 928 1429 986 quo-

17 1005 127 1043 rum
165 984 514 1045 dubitatione
556 1005 843 1065 comperta
885 987 1264 1047 circumsideri
1304 1008 1428 1045 tan-

19 1083 124 1124 tum
151 1088 246 1125 eos
267 1109 283 1134 ,
319 1070 376 1125 &
404 1065 657 1126 abstineri
680 1067 925 1126 caedibus
949 1070 1124 1144 jussit.
1149 1068 1430 1128 Tandem·

0 1167 115 1226 que
155 1146 466 1207 obsidionis
503 1148 657 1207 malis
695 1146 909 1227 fatigati
948 1144 1214 1208 dedidere
1258 1148 1331 1207 se.
1366 1151 1428 1208 A

0 1223 216 1311 {Libero
242 1249 397 1308 patre
423 1230 682 1288 conditos
707 1227 759 1287 se
785 1250 903 1288 esse
928 1227 1189 1289 dicebant
1204 1253 1228 1303 ς
1245 1233 1301 1289 &
1324 1252 1428 1290 ve-

25 1329 67 1368 ra
91 1310 207 1369 haec
242 1315 401 1389 origo
427 1331 563 1369 erat.
589 1312 705 1369 Sita
732 1307 807 1368 est
839 1308 937 1368 sub
963 1311 1239 1369 radicibus
1262 1333 1429 1369 mon-

26 1390 106 1458 :is,
129 1412 294 1470 quem
322 1391 522 1450 Meron
546 1392 743 1450 incolae
767 1390 1067 1472 appellant.
1093 1391 1236 1451 Inde
1257 1387 1428 1450 Grae-

27 1472 61 1530 :i
93 1472 394 1532 mentiendi
437 1493 655 1532 traxere
695 1475 976 1531 licentiam
1001 1518 1015 1542 ‚
1051 1477 1205 1532 Jovis
1228 1475 1428 1549 femine

29 1552 258 1608 Liberum
287 1571 494 1634 patrem
529 1575 626 1610 esse
652 1556 893 1612 celatum.
930 1552 1056 1612 Rex
1090 1558 1194 1613 Situ
1222 1555 1430 1613 montis

31 1634 235 1712 :ognito
259 1656 324 1692 ex
351 1636 547 1694 incolis
576 1677 592 1704 ‚
634 1655 762 1693 cum
790 1653 916 1692 toto
943 1637 1195 1693 exercitu
1219 1677 1236 1703 ,
1273 1656 1425 1714 prae-

32 1715 182 1774 nissis
218 1717 656 1783 commeatibu3‚
688 1717 953 1774 verticem
994 1719 1110 1792 ejus
1156 1717 1425 1776 ascendit.

33 1793 182 1853 vlulta
220 1796 423 1855 hedera
467 1799 704 1876 vitisque
741 1815 869 1854 toto
905 1798 1152 1875 gignitur
1188 1816 1423 1868 monte3

36 1874 189 1934 aultae
215 1898 487 1955 perennes
512 1899 668 1958 aquae
693 1898 934 1935 manant.
962 1879 1263 1938 Pomorum
1288 1900 1428 1958 quo-

38 1978 111 2036 {ue
146 1960 281 2017 varii
315 1958 670 2038 salubresque
706 1955 855 2016 succi
885 1955 1048 2028 sunt,
1096 1957 1187 2016 sua
1230 1959 1429 2036 sponte

40 2039 358 2098 artuitorum
396 2039 662 2099 seminum
699 2036 885 2116 fruges
921 2040 1092 2098 humo
1129 2042 1429 2099 nutriente.

42 2120 170 2177 ,auri
195 2120 495 2202 baccae-que
517 2125 574 2180 δέ
596 2119 768 2178 multa
795 2122 847 2177 in
873 2119 979 2178 illis
1000 2119 1232 2201 rupibus
1255 2118 1433 2201 agres-

43 2200 78 2258 is
100 2200 173 2258 est
201 2201 356 2260 silva.
1286 2251 1287 2254 η

93 2280 284 2341 Credo
324 2281 582 2363 equidem
630 2303 742 2341 non
787 2280 976 2341 divino
1014 2281 1307 2350 ἰηῇξῃὲῐιι,
1332 2279 1429 2340 sed

21 2359 222 2425 ,iscivia
260 2386 373 2422 esse
413 2364 706 2441 provec‘cos
729 2406 743 2430 ,
780 2383 841 2421 ut
876 2363 1071 2441 passim
1103 2363 1325 2425 hederae
1366 2384 1429 2422 ac

10 2442 17 2458 ⁴
51 2442 197 2501 itium
238 2442 367 2505 folia
405 2447 770 2523 decerperent
793 2487 808 2512 ,
849 2443 1201 2523 redimitique
1230 2441 1433 2503 fronde

4 2533 134 2603 spato
159 2546 381 2585 nemore
410 2525 609 2584 similes
640 2525 1053 2599 Bacchantibus
1078 2544 1434 2606 vagarentur.

8 2599 258 2664 212'0c‘1bus
284 2630 418 2687 ergo
445 2627 533 2665 tot
567 2605 801 2664 millium
824 2648 841 2675 ,
873 2604 1165 2684 praesidem
1192 2607 1435 2664 nemoris

56 2684 126 2752 ius
165 2685 355 2748 Deum
392 2688 742 2750 adorantium
771 2729 789 2758 ,
833 2688 966 2770 juga
1000 2688 1204 2747 montis
1234 2683 1437 2745 colles·

1156 2783 1211 2848 Q
1223 2784 1270 2848 vj-
