1690 3067
182 108 282 143 200
477 90 1459 159 QUINTE-crsRcE,-

182 209 216 232 ω
247 199 356 259 que
384 197 626 257 praesens
665 181 845 238 movit
883 176 1123 237 affec'ciO.
1171 179 1356 239 Modo
1394 178 1614 241 Indiam

182 289 218 312 ω
246 261 396 319 adire
434 262 491 318 ὅ(
527 259 824 318 Oceanum
853 259 992 318 libet
1030 280 1049 330 3
1096 260 1269 320 modo
1305 266 1613 343 conjugum

182 371 218 395 ω
246 346 306 401 &
350 340 654 400 liberorum
699 341 1004 421 patriaeque
1046 344 1309 403 memoria
1348 349 1617 404 occurrit.

184 453 221 477 ω
247 422 362 483 Sed
405 424 501 481 has
551 423 922 502 cogitationes
952 465 969 491 ,
1008 423 1103 483 has
1157 426 1302 483 inter
1343 425 1395 484 se
1440 425 1620 484 collo-

187 535 221 558 ω
250 507 542 585 quentium
577 525 746 564 voces
769 547 785 573 ‚
823 506 1042 585 signum
1078 506 1215 566 tuba
1243 506 1434 566 datum
1458 507 1620 568 finit:

186 615 222 640 ω
249 589 303 645 in
325 585 451 646 suos
485 586 707 645 ordines
737 587 971 666 quisque
1006 590 1276 646 currimus
1300 632 1316 657 ,
1358 593 1416 648 ὅς
1457 587 1624 669 quid-

189 698 224 721 π
248 670 386 749 quid
413 675 615 729 irarum
650 673 703 727 in
738 669 1101 727 tabernaculo
1135 690 1476 750 conceptum
1503 668 1578 728 est
1601 688 1623 739 ,’
1663 713 1672 718 -

190 781 224 804 ω
249 753 303 808 in
327 749 564 809 hostium
599 747 904 809 effunditur
933 752 1132 829 capita.
1167 752 1402 812 Utinam
1434 750 1625 818 Philo:

192 863 227 886 :D
251 853 335 892 tas
362 852 589 912 quoque
615 832 756 889 intra
783 831 959 890 verba
981 853 1289 910 peccasset.

272 944 306 967 :o
330 913 572 972 Proinde
599 911 669 971 ad
694 912 751 970 id
786 934 1033 974 revertar
1054 961 1071 987 ,
1112 935 1344 994 propter
1366 912 1522 994 quod
1545 915 1626 973 rei

186 1024 228 1055 :o
251 994 455 1054 sumuS.
489 995 852 1063 Amicitiam,
891 1016 1013 1074 quae
1050 996 1212 1055 nobis
1252 1019 1377 1055 cum
1403 995 1626 1056 Philota

195 1106 230 1130 ω
255 1076 360 1136 fuit
380 1121 395 1147 ,
434 1076 574 1137 adeo
598 1098 710 1135 non
739 1098 807 1135 eo
834 1077 1034 1136 infitias
1058 1120 1072 1144 ,
1102 1096 1164 1136 ut
1185 1079 1458 1157 expetisse
1483 1099 1628 1157 quo-

195 1188 230 1211 :n
258 1181 367 1240 que
402 1180 542 1226 nos,
589 1179 934 1238 magnosque
973 1180 1041 1217 ex
1083 1181 1143 1216 ea
1183 1157 1394 1217 frueius
1435 1181 1629 1237 perce-

197 1269 231 1294 22
259 1244 400 1321 pisse
426 1238 715 1300 confitear.
739 1240 835 1297 An
861 1261 995 1299 vero
1024 1240 1433 1309 Parmenionis>
1459 1261 1628 1320 quem

198 1351 233 1376 ω
262 1323 366 1382 tibi
400 1323 720 1403 proximum
752 1342 867 1380 esse
901 1319 1121 1380 voluisti
1144 1365 1159 1390 ,
1194 1321 1367 1380 filium
1389 1364 1407 1390 ,
1437 1341 1630 1380 omnes

200 1432 234 1456 ω
263 1425 404 1485 pene
432 1406 639 1464 amicos
664 1423 790 1462 tuos
813 1402 1136 1481 dignatione
1158 1405 1495 1471 vincentem,
1517 1403 1632 1461 cul·

198 1513 231 1543 20
262 1507 384 1545 tum
418 1510 448 1546 a
487 1487 650 1544 nobis
685 1505 801 1544 esse
838 1485 1048 1544 miraris
1083 1493 1106 1541 ?
1150 1484 1508 1565 Tu-'hercule
1533 1528 1548 1552 ,
1584 1484 1648 1543 si*

203 1595 238 1620 ³0
262 1590 458 1627 verum
481 1567 670 1627 audire
695 1567 775 1627 vis
797 1610 813 1636 ,
849 1588 946 1626 rex
968 1610 982 1635 ‚
1021 1567 1185 1648 hujus
1212 1567 1373 1626 nobis
1398 1564 1636 1647 periculi

208 1675 241 1701 ω
269 1671 431 1709 causa
455 1671 531 1708 es·
554 1650 698 1723 Quis
731 1651 875 1708 enim
907 1649 1042 1708 alius
1067 1648 1254 1708 effecit
1276 1694 1288 1716 ‚
1324 1669 1386 1708 ut
1410 1648 1479 1707 ad
1498 1649 1634 1707 Phi-

207 1759 241 1784 20
269 1732 423 1791 lotan
452 1732 811 1791 decurrerent
833 1775 847 1800 ‚
884 1732 980 1811 qui
1013 1730 1233 1810 placere
1259 1731 1470 1793 vellent
1490 1728 1636 1790 tibi?

199 1841 243 1865 -ao
271 1814 370 1872 Ab
410 1812 508 1871 illo
551 1812 742 1871 traditi
783 1813 853 1871 ad
898 1814 1045 1870 hunc
1094 1812 1328 1892 gradum
1381 1813 1634 1872 amicitiae

211 1923 245 1947 ευ
272 1916 382 1954 tuae
415 1892 778 1954 ascendimus.
812 1892 869 1951 Is
899 1892 1048 1972 apud
1072 1911 1127 1951 te
1153 1891 1257 1952 fuit
1280 1936 1297 1963 ‚
1331 1898 1486 1967 cuius
1510 1916 1638 1974 gra-

213 2006 246 2030 υ
270 1979 403 2036 tiam
426 1994 688 2055 expetere
710 1995 727 2044 3
754 1979 809 2033 ὅ(
839 1979 972 2033 iram
997 1974 1191 2032 timere
1212 1994 1516 2052 possemus,
1544 1977 1638 2032 An

213 2087 248 2111 ω
278 2080 390 2117 non
424 2055 835 2137 propemodum
881 2058 933 2113 in
966 2076 1061 2114 tua
1095 2055 1263 2115 verba
1285 2098 1299 2124 ,
1341 2056 1422 2112 tui
1449 2074 1641 2112 omnes

213 2169 249 2192 πο
278 2161 332 2199 te
366 2159 651 2220 praeeunte
682 2138 983 2217 juravimus
1008 2181 1025 2200 ,
1063 2135 1288 2196 eosdem
1328 2157 1428 2194 nos
1467 2135 1658 2195 inimi-'

215 2249 250 2273 ω
280 2244 377 2280 cos
412 2222 733 2299 amicosque
765 2219 1053 2277 habituros
1088 2239 1240 2287 esse,
1277 2238 1416 2297 quos
1452 2235 1513 2275 tu
1540 2217 1641 2275 ha-

217 2332 252 2355 ³0
279 2304 440 2363 beres
464 2302 488 2359 ἓ
508 2302 643 2359 Hoc
677 2299 1019 2358 sacramento
1053 2301 1274 2377 pietatis
1307 2296 1552 2358 obstr-iffi
1583 2318 1653 2366 a<

217 2412 253 2436 ιο
280 2404 625 2444 versaremur
648 2380 853 2440 scilicet
880 2424 895 2449 ,
935 2401 1097 2460 quem
1128 2399 1190 2438 tu
1218 2380 1479 2440 omnibus
1507 2399 1644 2458 prae-

220 2494 255 2518 :o
284 2462 539 2525 ferebas?
566 2462 748 2543 Igitur
771 2463 813 2520 si
836 2463 945 2522 hoc
973 2462 1179 2521 crimen
1208 2459 1322 2534 est3
1355 2481 1420 2520 tu
1439 2477 1645 2540 paucos

221 2575 256 2599 :o
283 2549 609 2606 innocentes
645 2543 850 2603 habes:
886 2544 1055 2602 immo
1089 2543 1314 2602 hercule
1352 2543 1643 2602 neminem.
1675 2538 1682 2596 ’.

221 2654 260 2682 ao
288 2630 504 2688 Omnes
530 2627 674 2685 enim
697 2624 930 2683 Philotae
966 2625 1127 2683 amici
1158 2645 1273 2683 esse
1308 2623 1644 2684 voluerunt:
1673 2646 1676 2650 ’

184 2758 190 2769 .
225 2737 259 2765 ³0
283 2710 378 2773 sed
399 2706 636 2772 totidem
658 2750 677 2779 ,
706 2727 847 2789 quot
866 2705 1134 2771 volebant
1156 2727 1274 2766 esse
1293 2749 1309 2776 ,
1345 2727 1455 2764 non
1483 2723 1647 2785 pote<
1681 2727 1684 2730 ·
