1690 3067
295 58 566 129 LIVRE
601 73 695 126 VI-
730 72 1194 125 CHAPJTRE
1239 74 1335 128 VJ.
1461 87 1556 141 139

125 160 232 223 Ine
257 183 370 222 non
398 164 621 243 ignarus
650 203 667 229 ‚
708 163 766 219 δε
800 160 1080 239 principes
1111 162 1416 221 amicorum
1439 204 1455 232 ,
1494 165 1556 223 &

127 248 186 305 &
212 246 521 305 exercitum
546 243 793 322 graviter
818 239 1060 309 offendi,
1089 245 1323 321 gratiam
1352 243 1555 304 libera·

124 328 280 387 litate
305 326 580 405 donisque
606 343 936 403 recuperare
958 323 1235 382 tentabat.
1267 323 1411 394 Sed,
1434 327 1558 405 opi·

124 429 265 478 nor,
302 408 490 468 liberis
530 407 769 485 pretium
812 403 1092 465 servitutis
1135 410 1421 485 ingratum
1456 406 1553 467 est.

120 487 305 571 Igitur
330 511 398 549 ne
425 491 478 546 in
508 485 834 547 seditionem
860 508 944 546 res
979 505 1291 547 verteretur
1314 507 1334 557 3
1374 489 1552 549 otium

120 568 587 651 interpellandum
620 588 738 630 erat
763 567 953 633 bello,
990 570 1148 649 cujus
1182 570 1408 628 materia
1446 592 1555 650 op-

119 672 363 733 portune
393 651 663 717 alebatur.
696 651 958 731 Namque
996 651 1199 710 Bessus
1225 648 1373 712 veste
1400 657 1552 733 regia

121 733 300 796 sumta
321 780 338 805 ,
378 737 718 791 Artaxerxen
745 755 777 789 a
809 734 1073 813 pellarise
1105 736 1380 811 jusserat3
1414 735 1556 815 Scy-

117 815 352 898 thasque
388 820 447 877 &
497 835 717 878 ceteros
813 814 964 875 anai‘s
1006 813 1223 875 accolas
1255 816 1551 876 contrahe-

120 895 240 961 ban.

199 1137 343 1198 Haec
379 1136 768 1198 Satibarzanes
801 1135 1131 1197 nuntiabat:
1165 1158 1335 1219 quem
1361 1159 1554 1221 recep⁴

115 1239 238 1281 tum
262 1226 317 1281 in
355 1218 559 1289 fidem,
591 1220 842 1300 regioni,
883 1241 1050 1300 quam
1086 1240 1246 1280 antea
1282 1222 1550 1282 obtinue-

114 1322 199 1362 rat
221 1346 237 1370 ‚
276 1300 544 1381 praefecit.
580 1302 657 1360 Et
689 1323 820 1361 cum
841 1323 1012 1381 grave
1034 1299 1222 1381 spoliis
1248 1324 1549 1384 apparatu-

117 1404 225 1464 que
253 1382 483 1442 luxuriae
509 1404 707 1465 agmen
743 1385 837 1445 vix
863 1404 1187 1444 moveretur
1220 1404 1239 1455 3
1275 1386 1399 1460 suas
1424 1388 1547 1467 pri-

118 1487 298 1528 mum,
334 1463 520 1521 deinde
557 1468 706 1521 totius
737 1467 978 1521 exercitus
1005 1466 1279 1538 sarcinas,
1326 1471 1547 1548 exceptis

114 1542 402 1601 admodum
428 1548 755 1618 necessariis,
786 1547 1014 1621 conferri
1031 1548 1190 1626 jussit
1213 1548 1266 1601 in
1291 1547 1546 1610 medium.

112 1626 373 1687 Planities
405 1626 641 1708 spatiosa
669 1648 816 1696 erat,
842 1630 895 1685 in
920 1648 1088 1707 quam
1109 1628 1365 1690 vehicula
1388 1630 1551 1690 onus-

116 1727 173 1768 ta
205 1709 602 1790 perduxerant.
636 1707 1103 1788 Exspediantibus
1141 1711 1382 1779 cunc‘iis,
1408 1713 1548 1792 quid

111 1789 312 1850 deinde
351 1810 493 1850 esset
527 1792 933 1870 imperaturus3
968 1792 1215 1868 jumenta
1241 1794 1404 1871 jussit
1440 1795 1545 1854 ab·

114 1871 288 1945 duci3
331 1869 548 1952 suisque
585 1874 824 1952 primum
871 1869 1092 1931 sarcinis
1124 1869 1245 1932 face
1286 1872 1502 1936 subdita
1525 1920 1543 1946 ,

113 1973 323 2013 ceteras
347 1954 570 2014 incendi
595 1954 883 2033 praecepit.
902 1953 1244 2033 Flagrabant
1269 1960 1547 2017 exurenti-

115 2034 217 2093 bus
250 2035 486 2095 dominis
508 2079 523 2104 ,
564 2056 688 2115 quae
716 2053 778 2092 ut
813 2036 1013 2094 intaffi'ta
1050 2057 1120 2094 ex
1154 2036 1383 2096 urbibus
1408 2039 1543 2099 hos-

114 2117 252 2175 tium
295 2135 553 2196 raperent
587 2159 605 2186 ‚
647 2114 790 2196 saepe
833 2114 1080 2175 flammas
1127 2117 1534 2192 restint-cerant3

109 2197 266 2257 nullo
291 2196 564 2278 sanguinis
590 2199 830 2278 pretium
865 2198 1104 2258 audente
1138 2197 1380 2270 deflere,
1411 2226 1542 2262 cum

109 2281 286 2360 regias
313 2301 450 2359 opes
484 2280 634 2340 idem
669 2281 812 2360 ignis
841 2300 1118 2339 exureret.
1159 2282 1358 2343 Brevis
1386 2285 1542 2346 dein·
1582 2342 1586 2345 o

114 2359 184 2419 de
208 2363 387 2420 oratio
425 2363 701 2442 mitigavit
735 2360 1028 2433 dolorem3
1069 2362 1389 2445 habilesque
1434 2373 1540 2428 mi-

112 2440 242 2499 litiae
267 2484 284 2510 ,
327 2446 384 2501 &
424 2442 494 2501 ad
526 2445 708 2503 omnia
754 2446 927 2522 parati
955 2486 971 2513 ,
1003 2443 1339 2505 laetabantur
1367 2491 1382 2516 ‚
1431 2448 1539 2508 sar-

113 2523 358 2581 cinarum
383 2529 569 2604 potius
590 2568 606 2594 ,
643 2547 809 2606 quarn
835 2524 1136 2604 disciplinae
1157 2526 1347 2587 fecisse
1369 2533 1538 2608 jasiu-

109 2624 243 2661 ram.
283 2601 464 2682 Igitur
509 2606 854 2666 Baffiirianam
910 2609 1192 2684 regionem
1244 2611 1533 2688 petebant.

112 2683 223 2745 Sed
248 2684 498 2747 Nicanor
517 2731 535 2758 ,
571 2688 946 2751 Parmenionis
968 2688 1114 2750 filius·
1129 2733 1149 2762 ,
1175 2688 1352 2753 subita
1379 2714 1534 2760 mors
