1690 3067
128 93 276 142 LII
282 93 390 140 RE
429 90 601 141 VIII.
641 90 1100 140 CHAPITRE
1139 93 1274 141 VII.
1351 106 1445 157 347

21 180 145 241 ,la'us
181 177 329 257 apud
365 199 487 236 eum
527 196 753 256 quoque
792 175 1147 235 verberatum
1171 176 1223 235 se
1249 199 1277 235 a
1319 199 1450 257 rege

31 279 381 339 quereretur,
418 257 619 318 dixisse
665 255 1036 316 Callisthenen
1076 278 1087 315 ε
1140 260 1448 317 meminisse

35 341 236 400 debere
263 362 358 399 eos
390 343 498 419 jam
533 341 682 400 viros
721 360 858 397 esse.
898 336 1079 412 quue
1104 359 1171 396 an
1207 339 1274 397 ad
1311 362 1450 399 con-

28 421 305 480 solandam
346 426 665 501 patientiam
708 419 1053 479 verberum·
1036 464 1055 492 ,
1101 440 1168 477 an
1204 420 1321 478 ad
1309 426 1449 482 inci-

29 502 257 563 tandum
298 506 562 581 juvenum
605 500 860 560 doiorem
901 500 1107 558 dic‘fum
1154 522 1339 572 esset,
1392 504 1448 561 in

21 584 290 663 ambiguo
321 582 503 642 fuisse.
544 582 666 640 Rex
701 582 865 640 animi
900 583 1263 662 corporisque
1289 582 1451 664 sopo-

31 686 87 724 re
119 664 401 733 discuSSO,
439 687 566 723 cum
592 666 730 722 tanti
761 664 1026 742 periculi,
1069 662 1225 743 quod
1264 687 1451 725 evase-

29 766 147 815 rat,
183 748 366 824 imago
411 745 586 805 oculis
620 747 944 815 oberraret3
978 745 1364 827 Eurylochum
1406 767 1447 806 L

28 827 246 886 talentis
285 833 340 886 δε
380 827 666 907 cujusdam
692 827 785 907 Ty
792 826 980 885 ridatis
1011 827 1266 905 opulenti
1288 829 1450 888 bonis

20 907 205 968 ‘donat
246 912 538 988 protinus,
574 896 910 987 fratremque
942 951 958 975 ‚
1005 928 1301 1003 antequam
1342 932 1447 989 pro

27 987 196 1048 salute
243 993 358 1067 ejus
403 1010 751 1070 precaretur,
792 987 1047 1047 restituit.
1085 991 1319 1050 Sceleris
1358 1014 1453 1050 au·-

30 1090 140 1130 tem
167 1048 456 1139 auciores,
492 1074 747 1150 interque
780 1092 874 1128 eos
900 1070 1272 1130 Callisthenen
1297 1074 1450 1131 vinc-

23 1171 117 1211 tos
153 1155 421 1211 asservari
453 1153 647 1231 jubet:
686 1150 935 1248 quibus
925 1171 979 1208 m
1004 1155 1211 1232 regiam
1243 1153 1453 1214 adduc-

31 1235 134 1302 tis,
168 1254 293 1300 toto
320 1235 409 1294 die
438 1238 494 1294 ὃς
527 1235 686 1301 nodie
719 1237 1007 1335 proxima,
1042 1256 1217 1304 mero
1212 1258 1285 1294 ac
1310 1240 1455 1316 vigi-

21 1314 115 1377 'liis
143 1318 365 1394 gravis,
405 1317 705 1396 acquievit.

97 1395 324 1456 Postero
352 1417 536 1457 autem
558 1395 816 1476 frequens
839 1418 972 1459 cons
952 1395 1131 1455 ο11111111
1159 1397 1456 1468 adhibuit,

30 1482 118 1538 cui
167 1498 348 1557 patres
393 1480 806 1558 propinquique
846 1500 1078 1546 eorum,
1133 1478 1201 1537 de
1244 1480 1451 1560 quibus

32 1559 331 1638 agebatur,
369 1563 707 1632 intererant3
744 1580 812 1617 ne
839 1558 1023 1620 desua
1057 1559 1281 1653 quidem
1306 1559 1453 1620 salu-

30 1660 82 1699 te
102 1639 309 1699 securi:
341 1642 546 1721 quippe
572 1640 954 1700 Macedonum
980 1663 1133 1700 more
1159 1645 1335 1720 perire
1359 1642 1453 1702 de-

31 1721 270 1791 bebant,
311 1727 558 1782 omnium
596 1721 815 1782 devotis
850 1723 1123 1800 capitibus
1148 1766 1163 1792 ,
1208 1728 1302 1803 qui
1336 1723 1453 1782 san-

30 1806 190 1882 guine
228 1806 590 1884 contigissent
623 1825 737 1863 eos.
772 1803 896 1862 Rex
933 1804 1216 1863 introduci
1257 1809 1453 1885 conju-

0 1903 174 1944 ÷ratos
218 1906 418 1965 praeter
458 1884 832 1945 Callisthenen
871 1887 1045 1963 jussit.
1090 1886 1288 1966 Atque
1325 1908 1451 1967 quae

0 1967 368 2046 ,agitaverant
394 2010 410 2036 ,
467 1968 583 2027 sine
627 1967 977 2026 cunctatione
1028 1965 1264 2026 confessi
1306 1967 1453 2028 sunt.

0 2079 4 2092 ι
31 2044 326 2126 Increpan
311 2051 454 2107 ibus
488 2047 689 2108 deinde
713 2049 984 2108 universis
1014 2070 1146 2107 eos·
1131 2049 1299 2128 ,ipse
1321 2071 1453 2117 rex,

38 2149 129 2206 quo
144 2130 237 2203 fho
278 2132 456 2185 merito
490 2146 695 2185 tantum
727 2132 782 2184 in
807 2130 964 2204 semet
997 2131 1294 2209 cogitassent
1314 2133 1456 2208 faci-

0 2258 2 2265 .
38 2230 161 2266 nus
155 2218 176 2253 Ρ
214 2213 541 2290 interrogat.

122 2291 303 2351 CAP.
340 2291 442 2353 VI
465 2290 514 2351 I.
556 2290 926 2370 Stupentibus
961 2292 1187 2361 ceteris,
1215 2292 1460 2352 Hermo·

41 2367 186 2432 laiisz
225 2381 343 2431 Nos
379 2395 543 2443 vero,
582 2375 803 2452 inquit,
844 2377 1128 2451 quoniam,
1169 2376 1319 2469 ᾳιιηαςί
1356 2374 1460 2450 nes-

22 2446 186 2523 cias,
222 2456 443 2534 quaris,·
484 2452 752 2512 occidendi
776 2469 830 2511 te
866 2455 1134 2510 consilium
1164 2456 1417 2511 inivimus
1438 2499 1462 2551 ⁹.

24 2531 162 2608 quia
194 2558 291 2591 non
325 2552 379 2591 ut
413 2539 643 2616 ingenuis
669 2538 921 2617 imperare
950 2534 1168 2616 coepfii‚
1191 2534 1285 2611 sed
1311 2539 1462 2615 quasi

47 2615 97 2667 in
122 2620 383 2697 mancipia
415 2616 477 2673 do
485 2619 721 2674 minaris.
753 2617 967 2677 Primus
992 2638 1061 2677 ex
1091 2617 1346 2678 omnibus
1371 2638 1464 2696 pa—

43 2712 122 2754 ter
143 2701 312 2776 ipsius
339 2698 566 2783 Sopolis
583 2697 922 2795 parricidam
957 2700 1112 2758 etiam
1138 2698 1467 2781 parentissui

1198 2799 1301 2863 ij
