1690 3067
220 72 485 121 LIVRE
524 68 683 121 VIII.
725 68 1262 121 CHAPITREI.
1368 86 1464 135 299

53 156 179 234 jecit
201 197 218 222 ,
253 172 363 210 tam
387 175 421 209 a
442 153 600 229 semet
635 174 733 207 mlo
758 174 918 231 qnam
943 175 977 207 a
1012 153 1317 234 Lysimacho
1361 156 1461 210 leo·

53 257 165 293 nem
189 234 407 309 interfici
422 253 576 315 posse.
603 233 968 315 Lysimachus
994 237 1137 294 enim
1174 235 1456 314 quondam

43 339 177 378 ‘cum
204 336 500 376 venaretur
521 321 573 375 in
600 317 756 396 Syria
777 358 790 383 ‚
809 314 1095 375 occiderat
1116 319 1327 374 eximiae
1353 340 1461 377 ma-

53 397 353 480 gnitudinis
383 396 554 456 feram
591 394 737 455 solus
773 417 785 454 :
824 395 918 455 sed
943 396 1088 455 laevo
1117 398 1348 456 humero
1377 399 1457 456 us-

50 501 157 560 que
183 478 251 538 ad
275 501 393 538 ossa
422 479 691 537 laceratus
716 476 785 536 ad
809 479 1064 537 ultimum
1086 478 1321 557 periculi
1343 502 1461 559 per-

42 580 294 620 venerat.
332 559 401 618 Id
434 566 614 638 ipsum
649 559 990 638 exprobrans
1018 564 1067 618 ei
1101 581 1196 619 rex
1217 603 1232 627 ,
1258 559 1456 619 fortius

50 642 212 722 quam
246 642 468 699 locutus
509 639 619 708 est,
659 638 813 699 fecit.
846 641 993 699 Nam
1030 638 1200 699 feram
1225 663 1335 699 non
1361 665 1456 703 ex·

48 726 194 802 cepit
221 722 388 781 modo
421 743 438 792 3
482 721 575 780 sed
610 727 773 780 etiam
811 742 924 780 uno
961 721 1190 782 vulnere
1225 724 1455 784 occidit.

47 804 313 864 Fabulam
336 846 350 872 ,
387 826 511 883 quae
554 801 793 875 objeci'inm
840 805 972 858 leoni
999 826 1031 858 a
1068 824 1175 882 rege
1211 809 1453 885 Lysima-

46 885 193 943 chum
215 907 424 945 temere
452 883 705 964 vulgavit
727 928 741 953 ‚
783 884 849 943 ab
880 905 948 943 eo
982 907 1110 943 casu
1131 928 1147 954 ,
1187 906 1352 964 quem
1376 885 1454 945 su-

41 987 138 1048 pra
165 967 401 1026 diximus
419 1010 435 1035 ,
459 986 639 1025 ortam
665 988 779 1025 esse
807 965 1155 1025 crediderim.
1185 969 1452 1027 Ceterum

45 1048 383 1108 Macedones
426 1069 740 1127 quanquam
782 1069 1051 1128 prospero
1095 1069 1299 1107 eventu
1347 1049 1453 1109 de-

43 1128 254 1189 functus
281 1149 396 1189 erat
428 1128 794 1198 Alexander3
830 1149 1014 1187 tamen
1039 1127 1246 1189 scivere
1270 1134 1453 1209 gentis

42 1210 146 1270 suae
172 1233 326 1270 more
349 1255 364 1280 ,
400 1233 467 1270 ne
505 1209 676 1290 pedes
705 1231 1035 1280 venaretur,
1068 1231 1161 1269 aut
1198 1215 1317 1273 sine
1347 1213 1453 1272 de-

43 1288 192 1352 lectis
216 1294 529 1373 principum
569 1294 1007 1371 amicorumque.
1042 1290 1150 1350 Ille
1189 1312 1258 1350 1V
1286 1295 1451 1353 milli·

43 1373 147 1434 bus
174 1375 409 1434 ferarum
444 1374 666 1450 dejec‘lis
689 1417 703 1442 ,
740 1375 792 1430 in
818 1374 1016 1434 eodem
1038 1372 1179 1433 saltu
1205 1396 1332 1433 cum
1356 1396 1451 1434 to-

44 1475 102 1516 to
128 1458 380 1517 exercitu
404 1456 658 1535 epulatus
684 1453 777 1513 est.

117 1536 259 1597 Inde
299 1536 634 1597 Maracanda
673 1536 915 1595 reditum
950 1532 1063 1593 est:
1104 1556 1452 1618 acceptaque

0 1616 1 1640 ³
43 1622 209 1680 aetatis
243 1621 599 1679 excusatione
641 1618 709 1677 ab
736 1616 1068 1690 Artabazo3
1100 1620 1447 1698 provinciam

43 1704 152 1780 ejus
187 1700 417 1761 destinat
462 1700 641 1760 Clite).
677 1700 790 1758 Hic
831 1718 947 1757 erat
982 1701 1078 1778 qui
1113 1698 1262 1778 apud
1299 1703 1448 1761 Gra·

42 1784 220 1842 nicum
250 1804 465 1842 amnem
487 1781 638 1839 nudo
665 1787 847 1859 capite
872 1802 1059 1859 regem
1086 1781 1447 1843 dimicantem

45 1865 240 1946 clypeo
264 1863 361 1922 suo
393 1864 571 1933 texit3
613 1867 672 1922 &
703 1862 991 1922 Rhoesacis
1029 1884 1255 1921 manum
1291 1867 1448 1943 capi-

42 1950 83 2005 ti
115 1948 254 2026 regis
293 1947 669 2006 imminentem
694 1943 881 2023 gladio
909 1945 1216 2021 amputavit
1243 1966 1255 2002 :
1283 1965 1447 2005 vetus

41 2025 274 2107 Philippi
320 2027 475 2086 miles
514 2069 532 2095 ‚
583 2025 881 2104 multisque
928 2025 1141 2084 bellicis
1185 2026 1471 2105 operibus

0 2146 1 2149 =
43 2107 234 2167 claruS.
272 2108 566 2167 Hellanice
589 2150 606 2176 ‚
646 2128 768 2185 quae
807 2105 1194 2165 Alexandrum
1233 2108 1448 2167 educa-

41 2209 225 2259 verat,
262 2190 416 2249 foror
449 2192 566 2267 ejus
590 2232 605 2257 ,
649 2187 797 2246 haud
822 2186 976 2247 secus
1012 2210 1190 2268 quam·
1212 2209 1389 2248 mater
1415 2213 1445 2250 a

0 2319 2 2323 ,
41 2291 164 2351 rege
194 2271 548 2352 diligebatur.
587 2269 686 2330 Ob
711 2269 806 2328 has
836 2291 1024 2329 causas
1046 2270 1444 2331 validissimam

0 2384 3 2387 ·
41 2355 248 2432 imperii
272 2375 482 2433 partem
514 2349 645 2411 fidei
670 2354 786 2431 ejus
817 2352 1120 2431 tutelaeque
1145 2354 1445 2412 commisit.

10 2433 12 2469 ²
41 2433 265 2514 Jamque
286 2440 390 2494 iter
414 2455 606 2514 parare
631 2435 684 2490 in
709 2432 989 2512 posterum
1012 2437 1220 2510 jussus,
1246 2432 1445 2493 solem·

40 2518 172 2575 ni&
196 2516 523 2596 tempestivo
560 2515 856 2574 adhibetur
890 2518 1175 2575 conviviO.
1216 2512 1283 2574 In
1324 2537 1442 2594 quo

40 2616 132 2655 rex
169 2619 294 2656 cum
330 2599 509 2657 multo
546 2595 862 2657 incaluisset
895 2617 1085 2665 merc),
1112 2597 1444 2656 immodicus

42 2675 327 2739 aestimator
355 2678 436 2739 sui
454 2722 475 2752 ,
514 2678 796 2741 celebrare
817 2719 835 2751 ,
873 2697 997 2760 quae
1022 2699 1265 2760 gesserat
1285 2723 1302 2748 ‚
1331 2700 1446 2745 coes

1145 2776 1195 2827 N
1216 2778 1264 2841 vi
