1690 3067
207 74 474 143 'zJVRE
513 84 650 142 VII.
690 80 1153 139 CHAPJTRE
1204 84 1245 138 Ι.
1378 86 1473 151 19‘9

28 199 79 243 :a
103 175 335 258 poribus
363 176 687 254 animisque.
729 173 1007 233 Habitum
1043 176 1206 233 etiam
1227 215 1244 242 ‚
1276 171 1329 229 in
1353 191 1469 251 quo

42 304 75 328 :o
104 295 159 334 te
185 275 437 334 comitari
465 272 699 332 solemus
716 314 732 340 ‚
757 271 1061 332 reddidisti.
1084 273 1327 331 Causam
1352 290 1468 326 non

39 374 77 426 20x
96 393 389 454 possumus
408 393 429 445 3
460 369 744 431 fortunam
779 373 972 431 timere
1013 371 1345 431 desinemus.
1374 368 1465 426 Te

37 500 69 526 ω
97 493 288 552 quaeso
311 516 327 541 ‚
358 472 644 552 permittas
671 471 800 528 mihi
828 470 887 529 id
920 473 1159 550 primum
1190 466 1466 527 defende-

34 599 69 624 ω
96 592 153 629 re
174 614 190 639 ,
230 570 387 650 quod
410 592 439 629 a
469 588 525 629 te
551 568 808 628 ultimum
833 570 1116 649 objectum
1154 566 1249 628 est.
1293 565 1418 625 Nos
1443 607 1464 636 2

33 697 68 722 ω
95 690 191 727 rex
208 712 228 738 ,
252 667 515 728 sermonis
540 667 804 729 adversus
830 666 1169 746 majestatem
1190 686 1346 726 tuam
1366 666 1465 724 ha-

32 794 68 820 »
89 766 191 825 biti
226 767 434 828 nullius
469 769 682 827 conscii
714 765 900 824 sumus
938 765 1120 824 nobis.
1151 764 1415 824 Dicerem
1440 808 1461 835 ‚

30 893 66 919 ω
95 867 205 945 jam
230 863 446 945 pridem
472 867 666 926 vicisse
690 885 745 923 te
768 863 1034 923 invidiam
1057 906 1074 933 ,
1111 868 1213 923 nisi
1235 864 1462 943 pericu-

29 964 206 1023 :nlum
249 982 391 1024 esset
421 1007 440 1033 ,
485 985 555 1021 ne
596 962 699 1022 alia
740 962 980 1041 maligne
1020 961 1162 1020 dicia
1205 961 1463 1021 crederes

27 1061 289 1122 ablanda
334 1063 587 1122 oratione
628 1061 874 1140 purgari.
925 1060 1199 1119 Ceterum
1243 1065 1460 1121 etiamsi

27 1187 62 1216 :o
87 1160 274 1221 militis
305 1160 389 1218 tui
411 1161 504 1220 vel
533 1164 590 1219 in
628 1159 847 1239 agmine
878 1156 1189 1219 deficientis
1232 1163 1292 1219 &
1325 1158 1458 1219 fati-

27 1263 203 1338 „gau
221 1302 238 1328 ‚
274 1260 364 1321 vel
388 1259 439 1316 in
475 1259 593 1317 acie
625 1256 988 1337 periclitantis
1013 1301 1029 1328 ‚
1064 1258 1155 1319 vel
1181 1260 1234 1316 in
1260 1258 1452 1324 tabet·

26 1385 60 1411 a>
85 1359 285 1417 naculo
316 1358 449 1437 aegri
473 1359 532 1416 δε
554 1357 783 1417 vulnera
808 1359 1051 1416 curantis
1071 1401 1087 1428 ,
1131 1358 1314 1439 aliqua
1338 1381 1455 1419 vox

27 1483 62 1510 ω
88 1454 328 1536 asperior
367 1475 509 1514 esset
557 1474 825 1535 accepta3
864 1477 1239 1515 merueramus
1283 1456 1458 1527 forti—A

23 1553 187 1614 :obus
219 1551 375 1613 factis
395 1596 413 1623 ‚
449 1573 513 1613 ut
549 1553 739 1612 malles
773 1576 835 1612 ea
861 1556 1104 1634 tempori
1127 1554 1315 1617 nostro
1342 1557 1454 1616 im-

24 1673 276 1734 aputare
313 1697 332 1725 ‚
373 1676 537 1736 quam
593 1653 798 1713 animo,
859 1652 1012 1713 Cum
1050 1654 1186 1735 quid
1244 1654 1453 1726 accidit.¹

24 1780 58 1806 a
85 1751 285 1812 tristius
306 1795 324 1823 ,
357 1772 548 1811 omnes
572 1751 650 1809 rei
672 1747 830 1813 sunt:
854 1753 1188 1830 corporibus
1213 1752 1407 1815 nostris
1423 1799 1447 1827 2

24 1875 61 1904 ω
85 1871 207 1931 quae
247 1852 441 1930 utique
476 1870 590 1907 non
633 1849 888 1918 odimus,
923 1848 1139 1911 infestas
1180 1851 1449 1915 admove-

0 1975 57 2008 *ae
79 1968 196 2007 mus
231 1967 424 2006 manus
445 1970 465 2021 3
501 1966 760 2025 parentes
793 1947 980 2008 liberis
1019 1950 1063 2009 si
1100 1972 1401 2012 occurrant
1424 1996 1446 2025 ,

21 2072 54 2098 a»
75 2046 353 2124 &ingrati
378 2048 437 2104 &
464 2047 625 2106 invisi
655 2045 797 2104 sunt.
835 2046 985 2105 Cum
1009 2047 1168 2108 donis
1193 2051 1442 2112 honora-

23 2171 54 2197 ι,
77 2164 238 2214 mur3
279 2165 406 2203 cum
439 2145 676 2221 praemiis
708 2143 886 2203 onusti
910 2150 1243 2208 revertimur
1265 2192 1283 2222 ‚
1319 2153 1443 2231 quis

26 2240 212 2302 »ferre
245 2262 347 2300 nos
371 2238 598 2321 potest?
642 2243 762 2322 quis
799 2242 949 2304 illam
984 2248 1293 2308 animorum
1329 2251 1441 2312 ala-

8 2367 51 2391 a„
77 2341 327 2400 critatem
360 2345 647 2400 continere
669 2349 694 2397 ?
735 2342 1100 2404 Militantium
1145 2342 1247 2406 nec
1283 2347 1442 2409 india

31 2466 51 2490 0
77 2439 304 2518 gnatiO,
351 2460 455 2499 nec
489 2430 698 2500 laetitia
722 2440 1007 2503 moderata
1044 2443 1135 2504 est.
1172 2445 1272 2507 Ad
1309 2469 1437 2507 om-

33 2563 49 2586 s
76 2557 169 2595 nes
200 2537 426 2598 affeftus
463 2540 674 2617 impetu
700 2546 962 2620 rapimur.
993 2541 1431 2624 Vituperamus,

36 2660 52 2686 ο
75 2632 359 2697 laudamus
380 2679 399 2710 ,
440 2637 802 2721 miseremur,
846 2641 1131 2702 irascimur
1155 2686 1172 2712 ‚
1215 2662 1434 2711 utcum-

1140 2759 1234 2811 liv
