1690 3067
200 101 308 153 '228
502 103 1412 172 QUJNTE-CURCE;

210 211 339 246 mm
363 187 569 247 deditus
598 211 759 269 quam
785 190 927 266 hostis
953 189 1246 248 habiturus.
1266 193 1518 247 Alienum
1542 190 1641 248 lm:

212 269 294 328 hes
314 292 523 352 regnum
540 316 557 341 ‚
586 294 681 351 quo
694 274 915 349 facilius
940 294 989 329 eo
1014 294 1206 332 careas.
1246 274 1465 354 Incipies
1479 274 1639 349 forsi-

210 371 305 409 tam
321 353 480 430 justus
507 375 602 410 esse
633 375 718 409 rex
740 397 757 423 ‚
799 376 917 410 cum
942 355 1043 434 ipse
1058 355 1247 430 fecerit
1269 400 1287 426 ,
1333 357 1424 432 qui
1445 353 1539 410 tibi
1573 354 1639 412 &⁸

211 433 339 492 dare
354 432 509 518 potest
531 456 740 514 regnum
768 435 831 492 &⁹
858 438 1063 516 eripere.
1091 438 1380 492 Consilium
1404 433 1643 513 habesfi-

210 516 323 573 dele
343 560 359 586 ‚
394 516 532 596 quod
556 516 753 572 diutins
779 520 960 597 exequi
972 517 1366 598 fhpervacztum
1399 516 1478 593 est.
1512 524 1639 575 No-

210 598 331 655 bilis
367 619 521 677 equus
546 595 729 654 umbra
765 620 962 677 quoque
985 601 1142 679 virga
1168 601 1391 680 regitur:
1416 601 1647 679 ignavus

213 702 276 737 ne
303 682 510 736 calcari
533 678 740 758 quidem
768 682 1022 736 concitari
1038 680 1207 762 potest.

300 762 506 821 Bessus
546 765 605 821 &
647 762 874 842 ingenio
920 766 978 821 ὅ(
1021 762 1202 821 multo
1245 785 1399 822 mero
1437 760 1596 823 ferox
1620 805 1643 833 ,
1680 816 1682 820 s

211 844 357 906 adeo
377 845 579 903 exarsit
596 885 612 912 ,
636 863 700 902 ut
725 846 817 904 vix
843 843 911 903 ab
939 846 1127 904 amicis
1148 888 1163 913 ,
1189 867 1304 924 quo
1331 846 1510 905 minus
1538 866 1641 904 oc-

212 926 427 989 cideret
460 948 586 986 eum
611 969 629 995 ,
674 928 698 1001 (
724 947 850 986 nam
874 924 1165 987 strinxerat
1203 948 1431 1007 quoque
1458 929 1645 986 acina-

215 1013 388 1086 cem)
427 1011 830 1068 contineretur.
862 1007 1036 1068 Certe
1063 1032 1091 1069 e
1126 1011 1392 1071 convivio
1417 1009 1646 1089 prosili-

216 1090 757 1171 vit-haudquaquam
784 1111 985 1169 potens
1014 1097 1234 1151 mentis·
1277 1091 1530 1151 Cobares
1555 1093 1644 1148 irr-

215 1194 303 1233 ter
327 1173 632 1232 tumultum
658 1171 874 1250 elapsus
896 1215 912 1240 ,
947 1172 1016 1231 ad
1044 1172 1433 1232 Alexandrum
1464 1193 1645 1232 trans-

213 1254 384 1335 fugit.
410 1273 541 1312 V111
570 1253 738 1312 millia
757 1254 1177 1313 Baffiirianorum
1203 1254 1444 1313 habebat
1469 1276 1646 1314 arma-

217 1357 276 1397 ta
310 1337 515 1395 Bessus
536 1377 552 1404 ,
596 1357 720 1414 quae
749 1336 1014 1415 quamdiu
1042 1356 1273 1416 propter
1300 1335 1419 1395 caeli
1444 1338 1645 1396 intem·

216 1419 464 1499 periem,
507 1416 727 1490 Indiam
763 1419 950 1496 potius
993 1418 1337 1478 Macedonas
1371 1419 1651 1497 petituros

218 1499 575 1561 crediderant
599 1541 614 1568 ,
663 1497 996 1559 obedienter
1038 1506 1306 1579 imperata
1348 1498 1603 1560 fecerunt
1628 1522 1644 1560 τ

216 1582 514 1663 postquam
546 1580 847 1642 adventare
874 1581 1270 1641 'Alexandrum
1293 1602 1645 1663 compertum

217 1663 332 1735 est3
361 1666 414 1721 in
439 1660 563 1722 suos
590 1664 824 1742 quisque
848 1665 1001 1722 vicos
1029 1664 1262 1743 dilapsi,
1302 1665 1533 1723 Bessum
1562 1686 1648 1723 re-

217 1747 526 1829 liquerunt.
564 1743 669 1804 Ine
702 1767 830 1805 cum
857 1747 1143 1806 clientium
1169 1767 1334 1806 manu
1357 1789 1372 1815 ,
1412 1748 1508 1826 qui
1532 1768 1644 1805 non

217 1844 573 1889 mutaverant
597 1825 766 1887 fidem
788 1869 805 1895 ,
830 1828 968 1887 Oxo
994 1850 1151 1887 amne
1176 1827 1467 1906 superam,
1491 1828 1647 1887 exus-

200 1912 402 1991 tisque
427 1911 660 1989 navigiis
685 1954 702 1978 ‚
742 1909 944 1989 quibus
979 1911 1268 1968 transierat
1294 1952 1310 1980 ‚
1352 1931 1419 1969 ne
1450 1909 1646 1971 iisdem

218 1992 388 2052 hostis
435 2012 688 2051 uteretur
717 2033 736 2062 ‚
787 2013 962 2052 novas
1017 1994 1206 2073 copias
1250 1994 1306 2050 in
1354 1992 1649 2074 Sogdianis

218 2074 611 2136 contrahebat.

301 2155 631 2216 Alexander
652 2155 969 2215 Caucasum
991 2153 1215 2235 quidem
1235 2198 1252 2223 ‚
1272 2175 1334 2214 ut
1353 2153 1512 2234 supra
1535 2154 1647 2215 dic-

221 2259 341 2298 tum
372 2237 447 2297 est
469 2282 483 2308 ,
511 2240 839 2307 transierat3
872 2237 965 2296 sed
994 2239 1177 2315 inopia
1212 2234 1479 2296 frumenti
1510 2258 1643 2316 pro-

186 2342 293 2401 „pe
328 2319 400 2379 ad
436 2317 638 2379 famem
675 2338 904 2378 ventum
941 2338 1077 2377 erat.
1113 2318 1299 2377 Succo
1338 2340 1406 2377 ex
1440 2313 1640 2378 sesama
1680 2294 1690 2390 i

219 2422 485 2480 expresso
505 2442 521 2469 ‚
565 2400 713 2459 haud
736 2399 888 2459 secus
913 2422 1079 2480 quam
1106 2399 1234 2459 oleo
1259 2420 1408 2460 artus
1434 2421 1639 2480 perun·-
1677 2399 1690 2471 125

220 2483 451 2562 gebant.
478 2481 590 2541 Sed
629 2482 789 2562 hujus
820 2480 970 2541 succi
1008 2481 1237 2541 ducenis
1273 2483 1638 2562 quadragenis
1674 2504 1690 2538 ,ι

223 2564 460 2624 denariis
499 2564 778 2643 amphorae
817 2562 1087 2644 singulae3
1127 2562 1303 2624 mellis
1337 2607 1354 2632 ,
1406 2564 1640 2625 denariis
1684 2571 1690 2575 ’

220 2648 460 2705 trecenis
486 2648 826 2725 nonageni33
863 2647 1099 2705 trecenis
1140 2647 1254 2707 vini
1295 2644 1637 2704 aestimaban-
1681 2670 1686 2689 ι’

219 2746 357 2812 turi
382 2728 553 2791 tritici
581 2727 713 2791 nihil
737 2748 831 2806 aut
857 2727 1164 2808 admodum
1196 2729 1460 2812 exiguum
1481 2746 1642 2807 repe-
