1690 3067
258 80 521 132 LIVRE
558 79 663 128 IX.
701 78 1165 128 CHAPJTRE
1199 81 1265 127 X.
1394 89 1491 141 495

74 171 192 241 'erat
215 159 452 242 satrapes
478 165 690 243 gentis,
728 162 1005 242 suspec'tus
1029 185 1113 221 res
1144 177 1352 223 noVare
1387 185 1494 223 vo-

75 245 239 303 luisse
260 288 276 313 ‚
315 243 447 303 dum
475 251 532 304 in
563 244 722 304 India
748 265 845 303 rex
878 263 1039 303 esset.
1071 245 1258 317 Quem
1293 266 1496 303 occur-

73 346 289 385 rentem
312 325 646 385 dissimulata
667 329 743 385 ira
768 328 1003 386 comiter
1028 325 1306 385 allocutus
1323 368 1340 395 ,
1359 326 1494 386 dum

71 407 389 486 exploraret
415 428 538 487 quae
564 408 745 468 delata
776 427 929 467 erant
950 449 964 474 ,
992 408 1048 464 in
1073 407 1272 466 eodem
1298 407 1488 465 hono-

73 510 132 547 re
158 488 372 548 habuit.
405 492 555 548 Cum
579 489 756 548 Indiae
781 487 1026 569 praefeffi
1044 531 1060 557 ,
1089 489 1234 547 sicut
1252 490 1495 568 impera-

73 589 196 629 tum
222 589 371 638 erat,
406 591 679 649 equorum
711 575 1204 651 jumentorumque
1225 570 1494 648 jugaiium

72 652 188 713 vim
212 655 496 730 ingentem
521 674 591 712 ex
613 655 795 721 omni,
824 673 948 731 quae
972 651 1071 709 sub
1093 653 1327 730 imperio
1353 672 1493 721 erat,

73 734 304 812 regione
347 735 620 793 misissent
651 777 668 803 ,
718 734 920 816 quibus
967 733 1199 793 deerant
1252 734 1493 810 impedi-

73 835 298 884 menta,
332 813 585 874 restituit.
630 817 804 875 Arma
844 837 1072 896 quoque
1104 814 1172 874 ad
1206 813 1496 895 pristinum

72 894 272 955 refecta
313 894 437 955 sunt
483 897 696 957 cultum
729 919 741 956 1
785 901 991 978 quippe
1031 895 1180 957 haud
1221 896 1421 976 procul
1461 919 1493 956 a

71 977 298 1038 Perside
325 979 586 1049 aberant,
610 1001 719 1038 non
744 1000 937 1058 pacata
963 979 1138 1039 modo
1160 1021 1177 1047 ‚
1204 978 1297 1039 sed
1324 983 1492 1039 etiam

73 1062 361 1138 opulenta.
390 1059 600 1139 Igitur,
630 1081 690 1120 ut
711 1062 867 1140 supra
894 1061 1100 1121 dicium
1121 1059 1196 1119 est
1217 1105 1233 1129 ,
1270 1059 1493 1120 aemula-

71 1160 165 1198 tus
190 1142 363 1200 Patris
386 1141 575 1201 Liberi
597 1163 709 1201 non
731 1144 967 1221 gloriam
993 1142 1164 1200 solum
1186 1185 1202 1211 ,
1233 1165 1396 1222 quam
1420 1163 1492 1202 ex

69 1222 176 1281 illis
207 1222 469 1302 gentibus
508 1223 937 1303 deportaverat,
970 1222 1061 1282 sed
1088 1225 1248 1283 etiam
1284 1224 1490 1284 famam

76 1307 233 1376 (sive
265 1303 404 1362 iliud
436 1307 749 1384 triumphus
783 1303 886 1364 fuit
920 1307 988 1364 ab
1024 1328 1092 1364 eo
1119 1309 1356 1384 primum
1379 1303 1491 1363 ins-

71 1387 272 1444 titutus
295 1430 310 1454 ‚
352 1386 466 1443 sive
500 1386 888 1446 bacchantium
921 1386 1117 1463 lusus)
1155 1386 1340 1448 statuit
1364 1389 1489 1447 imi-

71 1469 213 1536 tari,
249 1468 432 1526 animo
464 1465 626 1547 super
665 1469 964 1527 humanum
1005 1466 1278 1548 fastigium
1318 1470 1489 1529 elato,

73 1551 222 1607 Vicos
244 1592 260 1618 ,
287 1566 380 1629 per
404 1570 522 1625 qnos
545 1552 641 1605 iter
667 1568 803 1619 emt,
821 1549 1042 1627 floribus
1065 1553 1349 1629 coronisque
1353 1551 1486 1626 ster-

73 1633 132 1686 m'
151 1632 309 1710 jubet
332 1650 345 1687 τ
378 1629 642 1686 liminibus
666 1629 847 1686 <editam
873 1650 1088 1688 crateras
1111 1635 1235 1687 vino
1258 1635 1482 1713 repletos,

73 1711 138 1769 Θ
169 1714 281 1783 alia
305 1712 492 1766 eximiae
521 1711 895 1792 nmgnitudinis
914 1734 1049 1770 vasa
1072 1711 1278 1795 disponi
1295 1739 1311 1768 .·
1338 1712 1487 1769 vehi-

72 1797 193 1851 cula
229 1790 414 1848 deinde
451 1792 696 1867 constrata
724 1835 740 1862 ,
784 1812 839 1849 ut
871 1796 1040 1875 plnres
1084 1814 1257 1877 capere
1300 1797 1487 1851 milites

63 1891 297 1958 possent,
331 1876 383 1928 in
409 1872 867 1932 tabernaculorum
892 1881 1103 1931 modum
1129 1878 1346 1941 ornari,
1373 1878 1489 1932 alia

73 1953 315 2017 candidis
344 1957 474 2013 velis
493 2002 509 2022 ,
534 1960 644 2013 alia
667 1954 798 2030 veste
810 1959 1046 2037 pretiosa.

148 2040 316 2098 Primi
339 2041 492 2099 ibant
517 2038 677 2098 amici
701 2041 757 2097 &
783 2039 985 2099 cohors
1008 2042 1188 2118 regia,
1216 2036 1378 2098 variis
1399 2057 1486 2096 re·-

67 2120 264 2181 dimita
306 2120 541 2180 floribus
588 2124 922 2199 coronisque
956 2140 975 2190 3
1020 2120 1150 2179 alibi
1190 2119 1484 2178 tibicinum

70 2222 265 2262 cantus
287 2244 302 2270 ‚
338 2202 468 2262 alibi
500 2201 634 2281 lyrae
658 2202 822 2260 sonus
858 2201 1224 2261 audiebatur:
1262 2203 1394 2259 item
1429 2200 1486 2258 in

69 2284 341 2346 vehiculis
379 2305 481 2362 pro
520 2289 680 2362 copia
713 2286 982 2363 cujusque
1015 2282 1296 2344 adornatis
1323 2325 1336 2349 ,
1376 2302 1485 2340 co·-

73 2365 472 2426 messabundus
510 2367 785 2424 exercitus
816 2409 832 2433 ,
874 2366 1034 2424 armis
1075 2386 1198 2445 quae
1247 2365 1486 2423 maxime

3 2494 5 2524 7
58 2446 276 2525 >decora
302 2467 456 2506 erant
481 2446 1084 2525 circumpendentibus.
1118 2445 1311 2525 Ipsum
1344 2463 1486 2502 con-

4 2536 5 2551 ¹
69 2530 335 2607 vivasque
361 2548 552 2587 currus
582 2528 824 2585 vehebat
845 2571 859 2596 ‚
895 2533 1121 2586 crateris
1147 2527 1321 2585 aureis
1345 2522 1484 2601 ejus-

68 2608 309 2688 demque
335 2611 573 2667 materiae
592 2609 910 2686 ingentibus
929 2608 1144 2688 poculis
1166 2607 1485 2686 praegravis⁶

70 2690 202 2750 Hoc
229 2690 399 2750 modo
426 2711 523 2770 per
545 2689 660 2749 dies
682 2688 888 2770 septem
910 2686 1374 2753 bacchabundum
1399 2708 1487 2765 ag·
