1690 3067
230 89 333 150 4624
510 89 1410 159 QUINTE-CURCE‘,

234 205 270 227 ω
299 195 354 234 te
376 201 434 236 cc.
463 174 557 235 Ac
583 196 702 235 tum
737 176 964 258 quidem
991 180 1201 238 amicos
1236 177 1443 239 dimisit
1467 199 1481 238 τ
1516 187 1643 243 εεῐὲ

235 279 354 316 rum
381 279 482 339 per
505 259 825 339 complures
852 258 968 320 dies
992 260 1071 319 ibi
1094 259 1288 322 stativa
1311 262 1526 323 habuit.

331 420 509 484 CAP.
544 421 708 483 VII.
745 424 888 484 Haec
920 423 1055 484 dum
1093 424 1148 484 in
1179 423 1343 485 India
1366 444 1635 505 geruntur

245 506 431 563 Graeci
458 505 660 566 milites
685 529 862 589 nuper
886 509 940 565 in
968 507 1217 567 colonias
1247 531 1276 567 a
1302 529 1434 588 rege
1467 506 1645 568 deduc

241 588 284 645 ti
304 587 450 647 circa
466 588 663 647 Baetra
681 633 698 658 ,
728 610 849 649 orta
869 591 1013 649 inter
1034 591 1185 671 ipsos
1203 587 1476 649 seditione
1492 631 1509 659 ,
1530 588 1647 650 defe

245 689 470 740 cerant3
493 692 605 728 non
629 691 741 729 tam
773 671 1106 730 Aiexandro
1128 670 1359 741 infensi,
1387 693 1551 752 quam
1576 695 1648 734 me

243 771 306 809 tu
334 749 610 832 supplicii.
647 753 878 834 Quippe
910 754 1112 812 occisis
1137 752 1474 834 quibusdam
1497 775 1646 834 popu

245 833 446 891 larium
477 877 495 903 ,
538 836 633 915 qui
671 836 971 895 validiores
1010 856 1167 894 erant
1196 879 1213 905 ,
1261 858 1409 894 arma
1443 833 1650 916 speetar

174 928 182 931 *
250 936 589 993 coeperunt3
630 920 688 976 ὃς
720 917 1011 976 Bactriana
1038 939 1163 976 arce
1184 961 1201 987 ,
1245 939 1371 998 quae
1397 919 1554 997 quasi
1583 929 1650 978 n'e

248 997 553 1076 gligentius
577 1020 854 1058 asservata
882 1019 999 1058 erat
1022 1042 1039 1068 ,
1075 1019 1386 1079 occupata,
1420 998 1652 1059 barbaro

249 1100 481 1159 quoque
508 1082 560 1139 in
604 1079 927 1141 societatem
969 1079 1295 1142 defectionis
1331 1079 1654 1161 impuleram

249 1161 664 1221 Athenodorus
706 1183 822 1222 erat
859 1164 1118 1243 princeps
1149 1184 1343 1223 eorum
1364 1206 1382 1234 ,
1418 1165 1515 1244 qui
1548 1164 1655 1245 regi

251 1265 485 1324 quoque
527 1265 732 1304 nomen
771 1265 1143 1316 assumserat3
1185 1266 1299 1303 non
1331 1265 1444 1305 tam
1475 1247 1658 1326 imper}v

255 1325 522 1407 cupidine
552 1369 570 1395 ,
617 1346 785 1405 quam
835 1330 890 1384 in
928 1328 1162 1407 patriam
1205 1327 1526 1388 revertendi
1564 1331 1663 1387 'cun

255 1409 351 1478 iis,
378 1410 475 1488 qui
507 1410 895 1468 auctoritatem
924 1410 1097 1489 ipsius
1123 1407 1515 1490 sequebantur.
1539 1410 1660 1470 Hui·

258 1490 443 1551 Bicon
470 1490 697 1572 quidam
721 1492 961 1552 nationis
991 1490 1238 1571 ejusdem
1257 1533 1274 1560 ,
1309 1489 1402 1551 sed
1431 1493 1506 1551 ob
1530 1512 1663 1557 aemu

259 1576 527 1636 lationem
553 1572 807 1644 infestuS,
832 1576 1178 1655 comparavit
1198 1573 1420 1634 insidias
1442 1594 1461 1645 3
1495 1575 1675 1635 invita-

262 1678 498 1738 tumque
538 1656 609 1717 ad
645 1658 836 1738 epulas
866 1679 965 1737 per
989 1657 1215 1717 Boxum
1245 1656 1545 1737 quemdam
1576 1654 1670 1716 Ma

263 1741 548 1800 cerianum
570 1743 623 1799 in
649 1743 914 1801 convivio
941 1738 1168 1799 occidit.
1195 1737 1424 1799 Postero
1451 1738 1539 1801 die
1565 1759 1668 1800 corr

263 1829 430 1882 cione
476 1822 750 1882 advocata
798 1824 980 1882 Bicon
1035 1821 1186 1880 ultro
1237 1822 1554 1883 insidiatum
1597 1821 1690 1904 sib*

263 1904 709 1965 Athenodorum
744 1906 1023 1985 plerisque
1053 1924 1436 1983 persuaserat:
1469 1903 1563 1967 sed
1587 1903 1690 1974 alii}

265 1986 516 2067 suspecta
553 1985 701 2046 fraus
744 2007 860 2047 erat
898 1987 1128 2045 Biconis
1167 2007 1186 2056 3
1244 1989 1303 2045 &
1344 1986 1610 2066 paulatim
1643 1985 1674 2043 ii

266 2069 460 2151 plures
504 2071 677 2148 coepit
719 2090 940 2129 manare
980 2066 1239 2147 suspiciO.
1278 2067 1482 2149 Itaque
1519 2069 1676 2131 Graec

270 2153 471 2212 milites
496 2174 642 2211 arma
669 2153 926 2233 capiunt,
955 2151 1196 2210 occisuri
1217 2150 1490 2211 Biconem
1505 2193 1522 2221 ‚
1550 2150 1591 2210 si
1611 2147 1678 2209 da·

269 2254 428 2294 retur
453 2239 699 2294 occasio·

354 2316 629 2374 Ceterum
657 2311 935 2395 principes
960 2336 1153 2374 eorum
1175 2314 1310 2373 iram
1336 2311 1681 2373 multitudinis

270 2399 695 2478 mitigaverunt.
731 2398 940 2456 Praeter
970 2396 1119 2476 spem
1157 2395 1306 2455 suam
1348 2396 1530 2455 Bicon
1565 2413 1685 2474 prae·

274 2479 415 2539 senti
458 2478 712 2560 periculo
758 2498 1022 2557 ereptus,
1058 2479 1228 2559 paulo
1267 2475 1389 2558 post
1426 2476 1684 2537 insidiatus

277 2562 598 2621 auctoribus
628 2559 813 2620 salutis
845 2559 952 2618 suae
983 2559 1092 2621 est:
1136 2563 1294 2638 cujus
1320 2560 1456 2620 dolo
1479 2558 1686 2638 cognite

280 2649 541 2724 &ipsum
569 2645 1118 2724 comprehenderunt
1137 2687 1151 2712 ,
1173 2646 1232 2703 &
1262 2643 1506 2703 Boxum.
1535 2641 1687 2700 Cete-

274 2749 402 2798 rum
433 2732 638 2784 Boxum
654 2728 885 2808 protinus
920 2725 1133 2808 placuit
1167 2724 1389 2803 interfici
1412 2750 1429 2782 .·
1465 2725 1689 2782 Biconem
