1690 3067
238 99 501 151 LIVRE
538 102 592 150 V.
632 99 1082 148 CHAPITRE
1127 100 1250 149 ΙΙΙ.
1382 105 1446 159 27

19 188 182 268 super
204 207 389 245 arcem
412 181 561 241 urbis
584 181 635 241 se
659 205 787 242 cum
811 183 908 241 suo
931 185 1149 262 agmine
1174 182 1450 244 ostendit:

16 272 92 330 ad
119 270 275 348 cujus
300 266 660 344 conspe&um
690 267 747 322 ὃς
775 265 938 322 animi
960 263 1194 323 hostium
1221 265 1451 335 labare3

22 353 82 410 &
109 348 454 408 Macedones
485 346 664 405 acrius
693 346 948 425 praelium
972 347 1107 406 inire
1130 364 1451 425 coeperunt.

22 433 255 509 Anceps
285 426 597 508 oppidanos
635 425 840 486 malum
884 427 1120 507 urgebat
1140 450 1159 500 3
1197 449 1302 486 nec
1343 425 1452 485 sisti

23 513 106 573 vis
149 509 385 569 hostium
430 527 673 588 poterat.
709 508 903 566 Paucis
948 508 1016 567 ad
1055 508 1410 567 moriendum
1433 529 1455 578 3

23 592 278 673 pluribus
300 590 370 650 ad
394 588 583 670 fugam
610 589 820 648 animus
846 587 951 647 fuit
975 611 988 648 ε
1029 610 1227 669 magna
1255 611 1378 669 pars
1400 591 1458 647 in

25 696 210 734 arcem
249 674 543 732 concessit.
582 669 727 729 Inde
760 692 877 729 xxx
919 671 1239 730 oratoribus
1277 671 1459 730 missis

27 754 99 814 ad
119 752 534 835 deprecandum
552 796 568 822 ,
595 750 743 810 triste
767 773 1091 832 responsum
1116 775 1144 812 a
1172 750 1461 832 regered-

29 836 218 906 ditur3
256 857 356 890 non
389 855 483 890 esse
513 836 670 888 veniae
701 835 890 892 locuni.
930 832 1131 912 Itaque
1156 832 1463 912 supplicio-

30 939 152 976 rurn
180 935 330 975 metu
351 914 624 995 perculsi,
653 914 723 974 ad
744 914 1096 995 Sisygambin
1119 958 1134 983 ,
1161 913 1326 972 Darii
1349 937 1464 974 ma-

28 1017 212 1066 trem,
241 997 469 1055 occulto
513 997 706 1054 itinere
744 1038 762 1064 ‚
809 998 1122 1076 ignotoque
1165 993 1419 1054 hostibus
1442 1013 1467 1065 ,’

29 1080 260 1136 mittunt
276 1119 292 1145 ,
321 1078 417 1156 qui
441 1096 698 1155 peterent
718 1118 734 1145 ,
764 1095 819 1131 nt
842 1080 950 1156 ipsn
977 1099 1137 1156 regem
1165 1079 1425 1154 mitigaret
1442 1101 1462 1132 .·

29 1158 176 1217 haud
209 1160 422 1238 ignari,
450 1159 691 1236 parentis
725 1179 842 1216 eam
865 1157 996 1217 loco
1026 1157 1183 1238 diligi
1210 1158 1460 1238 colique.

29 1239 106 1298 Et
136 1239 390 1297 Madates
423 1237 624 1298 sororis
659 1237 828 1299 filiam
870 1238 1052 1299 secum
1098 1240 1459 1299 matrimonio

31 1324 318 1401 junxerat,
346 1319 582 1379 Darium
608 1322 925 1400 propinqua
949 1323 1288 1393 cognatione
1325 1342 1461 1380 con-

30 1403 270 1481 tingens.
315 1400 432 1460 Diu
468 1398 811 1482 Sisygambis
837 1395 1149 1482 supplicum
1193 1402 1461 1482 precibus

31 1483 365 1563 repugnavit
391 1526 406 1552 ‚
458 1482 706 1542 abnuens
762 1481 1163 1563 deprecationem
1209 1501 1306 1564 pro
1355 1484 1464 1540 illis

0 1587 1 1592 ¹
33 1566 301 1621 convenire
310 1565 534 1639 fortzinae
551 1606 569 1633 ,
597 1567 650 1619 in
681 1586 785 1642 qua
812 1582 930 1620 esset
948 1588 965 1619 .·
989 1564 1280 1642 adjecitque
1300 1607 1316 1634 ,
1347 1586 1459 1638 me-⁴

31 1661 165 1716 fuere
177 1644 282 1719 sese
300 1687 317 1708 ,
341 1666 402 1700 ne
426 1645 638 1701 vicioris
662 1644 1045 1724 indulgentiam
1058 1648 1331 1726 fatigaret.
1354 1651 1460 1702 Sae-

20 1716 144 1806 ‘pins
185 1728 438 1804 cogitare,
477 1729 748 1806 captivam
776 1748 872 1783 esse
887 1728 941 1799 se
964 1772 978 1794 ,
1024 1750 1183 1805 qnam
1223 1730 1456 1806 reginam

23 1807 200 1882 fnisse.
232 1804 334 1864 Ad
361 1807 616 1866 ultimum
641 1809 785 1869 vista
807 1851 823 1876 ,
863 1807 1035 1868 literis
1063 1807 1458 1870 Alexandrum

33 1887 109 1948 ita
133 1886 430 1967 deprecata
466 1888 540 1947 est
569 1912 589 1962 3
631 1908 686 1944 nt
709 1892 876 1970 ipsam
907 1908 1167 1946 excusaret
1191 1888 1328 1968 qnod
1361 1889 1459 1947 de·-

31 1986 342 2049 precaretur.
377 1975 550 2025 Petere
563 1971 620 2044 se
641 2015 658 2035 ,
695 1989 750 2025 ut
773 1972 876 2026 illis
901 1992 1095 2049 quoqne
1115 1994 1137 2036 ;
1171 1974 1213 2026 si
1243 1970 1413 2027 minns
1437 2013 1459 2040 ,

39 2047 134 2106 siln·
167 2050 454 2128 ignosceret.
493 2055 589 2105 Pro
623 2054 899 2108 necessario
925 2073 987 2107 nc
1003 2054 1284 2133 propinquo
1310 2054 1405 2128 fico
1431 2075 1456 2118 ,-

31 2134 161 2215 μιν,
178 2152 277 2185 non
313 2130 438 2206 hoste
461 2156 481 2197 ,-
513 2130 606 2205 fid
629 2133 858 2213 supplice
891 2149 1099 2188 tantum
1129 2136 1303 2189 vitam
1334 2151 1453 2214 pre-

39 2211 172 2270 cari.
223 2210 673 2272 Moderationem
732 2213 1197 2294 clementiamque
1252 2219 1399 2294 regis
1433 2256 1453 2284 ,

40 2312 166 2370 quae
191 2311 324 2352 tunc
357 2291 496 2362 fuit,
533 2294 625 2354 vel
656 2316 763 2354 una
787 2295 906 2354 haec
940 2318 1024 2355 res
1055 2297 1230 2375 possit
1270 2296 1454 2355 osten-

42 2372 174 2430 dere
193 2389 349 2440 ,non
380 2374 595 2436 Madati
619 2377 791 2436 modo
816 2378 1069 2456 ignovit3
1100 2375 1193 2437 sed
1219 2399 1411 2437 omnes
1433 2420 1455 2447 ,

34 2457 103 2512 ἃ
129 2452 348 2513 deditos
371 2497 388 2523 ,
415 2459 477 2515 &
508 2459 760 2537 captivos
781 2457 1037 2518 libertate
1065 2477 1230 2538 atque
1255 2460 1456 2518 immu-

43 2534 214 2594 nitate
239 2534 497 2595 donavit:
522 2538 716 2598 urbem
742 2538 963 2618 reliquit
982 2542 1269 2599 intadlam:
1292 2561 1456 2619 agros

48 2615 161 2673 sine
186 2616 403 2676 tributo
440 2617 623 2678 colere
659 2622 927 2700 permisit.
955 2623 1013 2680 A
1037 2623 1243 2683 viciose
1277 2621 1457 2683 Dario

48 2695 202 2777 plura
226 2717 399 2760 mater
424 2719 536 2759 non
561 2700 928 2784 impetrasset.

1169 2799 1254 2866 Βῆ
