1690 3067
329 87 596 141 LJVRE
632 86 696 138 X.
728 82 1189 138 CHAPITRE
1228 86 1283 139 V.
1431 95 1527 155 54¹7

89 174 320 253 forsitan
334 175 574 249 fhtellitis
608 175 832 246 alicujus
869 171 1122 251 ignobilis.
1153 173 1274 231 Has
1312 175 1527 254 cogitaa

101 259 282 316 tiones
308 254 668 316 volventibus
693 275 810 315 nox
842 252 1193 333 supervenit,
1228 272 1527 314 terrorem-

104 360 215 418 que
247 340 420 396 auxit.
457 337 667 398 Milites
698 337 753 395 in
779 336 938 395 armis
963 336 1268 414 vigilabant
1295 358 1308 395 ε
1335 337 1526 418 Baby-

100 419 236 479 lonii
262 419 396 478 alius
421 441 448 478 e
476 420 644 478 muris
668 461 683 488 ,
726 419 861 477 alius
897 418 1136 477 culmine
1174 416 1252 476 sui
1293 419 1530 499 quisque

102 505 237 562 tecti
262 500 722 581 prospectabant,
747 502 901 579 quasi
926 501 1165 558 certiora
1188 502 1380 561 visuri.
1401 502 1530 560 Nec

103 586 400 664 quisquam
426 583 633 641 lumina
658 581 900 641 audebat
930 580 1276 656 accendere3
1313 585 1372 642 &
1400 584 1532 663 quia

104 664 401 724 oculorum
437 664 688 724 cessabat
733 685 862 723 usus
895 706 911 732 ‚
954 661 1205 723 fremitus
1245 685 1532 746 vocesque

104 747 331 806 auribus
355 748 657 826 captabant
687 769 700 806 ε
731 768 795 805 ac
829 745 1160 825 plerumque
1193 767 1340 807 vano
1377 766 1532 807 metu

102 829 281 888 territi
306 851 406 909 per
440 829 706 888 obscuras
742 827 957 887 semitas
984 872 1000 897 ,
1040 828 1175 886 alius
1212 828 1302 886 alii
1326 850 1534 888 occur-

103 908 311 979 santeS,
339 912 574 973 invicem
601 911 836 991 iuspec'li
862 913 919 970 ἃ
945 908 1166 970 solliciti
1187 906 1534 970 ferebantur.·

186 993 366 1051 Persae
391 995 564 1052 cornis
588 991 686 1051 suo
714 1013 866 1051 more
901 991 1150 1055 detonsis
1169 1034 1187 1061 ,
1221 993 1275 1051 in
1304 992 1535 1074 lugubri

103 1072 284 1142 veste,
310 1096 437 1134 cum
462 1074 794 1152 conjugibus
826 1096 889 1132 ac
927 1073 1114 1133 liberis
1133 1117 1150 1143 ,
1177 1095 1290 1133 non
1318 1094 1381 1134 ut
1410 1077 1534 1150 vice

102 1175 282 1214 torem
312 1160 368 1215 &
392 1155 565 1215 modo
587 1154 798 1213 hostem
821 1196 837 1223 ,
874 1153 967 1213 sed
994 1175 1055 1213 ut
1087 1157 1267 1233 gentis
1293 1154 1400 1215 suae
1422 1155 1533 1235 jus-

103 1239 374 1297 tissimum
401 1259 590 1317 regem
615 1257 754 1296 vero
781 1234 1059 1294 desiderio
1095 1236 1385 1317 lugebant.
1420 1237 1533 1297 Asa«

100 1317 240 1377 sueti
263 1317 360 1376 sub
395 1340 527 1398 rege
558 1321 744 1378 vivere
766 1360 783 1386 ‚
818 1338 917 1373 non
952 1320 1117 1373 alium
1143 1363 1157 1381 ,
1191 1322 1282 1395 qni
1312 1322 1531 1400 impera

101 1416 170 1454 ‘ret
208 1402 325 1478 ipsis
361 1442 377 1468 ,
426 1401 705 1479 digniorem
728 1400 894 1473 fitisse
924 1396 1362 1460 confitebantur.
1401 1402 1532 1463 Nec

99 1483 268 1540 muris
288 1481 438 1553 urbis
457 1483 636 1540 lucius
656 1481 1081 1551 continebatur3
1102 1480 1196 1541 sed
1217 1484 1530 1561 proximam

99 1564 388 1642 regione-m
414 1562 482 1622 ab
511 1586 571 1622 ea
589 1607 603 1630 ‚
630 1563 831 1622 deinde
855 1585 1109 1641 magnam
1138 1583 1351 1642 partem
1371 1565 1528 1626 Asiae

103 1649 183 1703 cis
216 1644 541 1723 Euphraten
574 1646 714 1703 tanti
740 1646 867 1703 mali
892 1643 1035 1703 fama
1061 1665 1398 1724 pervaserat.
1424 1647 1528 1716 Ad

101 1723 264 1784 Darii
314 1746 543 1806 quoque
589 1746 820 1785 matrem
870 1725 1124 1785 celeriter
1166 1727 1377 1806 perlata
1429 1729 1528 1791 est.

88 1805 368 1887 „Abscissa
405 1829 542 1888 ergo
576 1806 724 1866 veste
746 1851 760 1876 ,
803 1830 910 1889 qua
945 1807 1137 1867 induta
1170 1829 1286 1868 erat
1309 1854 1326 1880 ,
1363 1809 1528 1892 lugu-

101 1887 258 1948 brem
289 1887 518 1960 sumsit3
556 1888 918 1971 laceratisque
944 1891 1187 1949 crinibus
1212 1890 1365 1950 humi
1390 1915 1526 1953 cor-

101 1989 206 2048 pus
232 1970 454 2049 abjecit⁴³
492 1970 798 2030 Assidebat
834 1973 881 2032 ei
916 1972 1086 2032 altera
1122 1993 1191 2032 ex
1221 1975 1482 2053 neptibus
1504 2017 1526 2046 ,

103 2071 284 2130 nuper
324 2054 581 2111 amissum
620 2052 1028 2131 Ephaestionem
1053 2097 1068 2122 ,
1109 2055 1199 2115 cui
1223 2076 1527 2135 nupserat,

102 2130 337 2212 lugen33
364 2136 728 2213 propriasque
751 2156 939 2194 causas
961 2135 1170 2194 doloris
1198 2137 1253 2194 in
1279 2159 1528 2199 commu·³

102 2214 162 2272 ni
192 2213 445 2274 moestitia
483 2216 834 2276 retractabat.
868 2216 981 2276 Sed
1017 2219 1265 2277 omnium
1302 2218 1527 2279 suorum

104 2295 248 2355 mala
273 2296 613 2378 Sisygarnbis
641 2321 749 2357 una
775 2299 1047 2377 capiebat.
1080 2298 1186 2359 Illa
1217 2299 1366 2359 suam
1392 2345 1406 2370 ‚
1434 2303 1529 2362 illa

105 2382 359 2456 neptium
407 2384 592 2442 vicem
636 2380 829 2440 flebat.
883 2380 1103 2441 Recens
1153 2381 1319 2442 dolor
1362 2385 1528 2443 etiam

105 2461 387 2537 praeterita
427 2482 813 2524 revocaverat.
858 2462 1134 2523 Crederes
1171 2461 1346 2521 modo
1371 2464 1530 2523 arnis-

105 2538 223 2598 sum
258 2539 491 2600 Darium
518 2587 534 2613 ,
565 2549 621 2603 &
653 2549 860 2622 pariter
884 2542 1088 2603 miserae
1122 2542 1362 2601 duorum
1384 2545 1530 2604 filio-

108 2643 234 2679 rum
261 2629 522 2702 exequias
554 2647 669 2683 esse
703 2624 1003 2684 ducendas.
1038 2624 1240 2684 Flebat
1275 2646 1528 2685 mortuos

106 2700 271 2764 simul
295 2708 586 2787 vivosque.
606 2709 775 2780 Qem
802 2709 937 2766 enim
956 2709 1259 2788 puellarum
1284 2709 1527 2765 astarum
