1690 3067
260 126 358 162 100
548 91 1452 172 ρῖῘΙΝΥΕ-(ΣῑῖλῑὲΟΕ,>

255 199 448 258 aberat
468 236 483 262 ‚
526 192 627 250 nisi
656 186 880 246 tandem
905 181 1207 258 Antipater
1229 174 1591 234 subvenisset.
1623 162 1690 229 Ῐέ4

253 276 548 361 postquam
575 268 745 330 castra
773 264 957 328 castris
985 258 1223 321 contulit
1245 304 1259 329 ,
1291 255 1456 335 seque
1482 275 1668 311 nume-

255 382 322 418 ro
349 359 585 416 militum
612 353 830 427 alioque
859 362 1128 424 apparatu
1161 338 1500 418 superiorem
1543 356 1666 392 con·

255 439 437 520 spexit
457 482 472 506 ,
514 432 923 515 quamprimum
949 425 1018 484 de
1043 423 1248 481 summa
1273 440 1456 478 rerum
1491 411 1665 494 praelit'

260 517 604 582 contendere
639 512 826 571 statuit
855 530 867 566 :
916 526 1095 585 neque
1132 499 1551 560 Lacedaemonii
1584 494 1662 554 de·

258 604 567 663 tresiavere
590 612 893 655 certamen.
915 588 1002 647 Ita
1038 587 1330 645 commissa
1360 599 1442 639 est
1464 598 1650 657 pugna

259 704 387 765 quae
413 702 530 740 rem
553 680 879 757 Spartanam
909 671 1172 746 majorem
1196 666 1249 722 in
1288 659 1518 720 modum
1551 655 1657 718 affii

260 767 364 825 xit.
403 762 555 821 Cum
593 760 748 817 enimv
776 749 1034 831 angustiis
1073 748 1329 805 locorum
1352 786 1367 810 ,
1402 744 1454 799 in
1488 738 1655 819 quibu

261 844 619 928 pugnabatur
645 882 661 907 ,
704 834 902 896 confisi
924 876 936 899 ‚
975 832 1073 888 ubi
1094 826 1236 886 hosti
1261 825 1473 883 nullum
1501 819 1654 879 multi

263 928 475 987 tudinis
532 942 692 987 usum
748 915 1001 975 futurum
1058 907 1362 970 credebant
1388 950 1404 968 ,
1449 904 1651 961 animos

264 1005 551 1086 congressi
595 1018 778 1060 essent
803 1041 817 1066 ,
858 1015 1038 1074 neque
1081 988 1426 1050 Macedones
1460 983 1649 1062 impigi

265 1088 620 1151 resisterent,
657 1079 896 1139 multum
920 1075 1192 1154 sanguinis
1227 1069 1409 1127 fusum
1448 1064 1542 1125 est.
1581 1067 1647 1124 Se

265 1170 563 1251 postquam
590 1163 893 1241 Antipater
917 1160 1188 1236 integram
1212 1147 1444 1210 subinde
1473 1168 1645 1205 manu:

266 1248 655 1314 laborantibus
696 1240 802 1301 suis
842 1237 1084 1297 subsidio
1124 1233 1428 1300 mittebat3
1464 1228 1636 1307 impul

267 1326 834 1393 Lacedaemoniorum
860 1322 1002 1389 acies
1028 1316 1264 1399 gradum
1298 1312 1575 1394 paulisper
1609 1333 1635 1369 r

269 1414 424 1474 tulit.
468 1405 647 1483 Quod
673 1404 1028 1482 conspicatus
1068 1399 1215 1477 Agis
1241 1439 1258 1465 ,
1295 1417 1422 1453 curn
1467 1393 1640 1451 cohor

271 1497 424 1576 regia
441 1537 456 1563 ‚
481 1511 607 1572 quse
633 1509 702 1548 ex
726 1483 1037 1544 fortissimis
1061 1477 1348 1538 constabat
1374 1518 1391 1545 ‚
1431 1473 1483 1551 se
1509 1474 1563 1534 in
1587 1498 1639 1547 m

277 1576 434 1647 dium
451 1591 629 1656 pugnae
666 1567 947 1624 discrimen
971 1563 1188 1617 immisit
1209 1604 1226 1624 ,
1255 1558 1370 1624 &a

523 1734 906 1808 ,CAPUT
977 1726 1475 1783 PRIMUM.

286 1939 293 1946 -
403 1914 644 1957 UGNAE
683 1893 977 1953 discrimen
1021 1885 1245 1945 immisit
1278 1926 1294 1953 ,
1338 1883 1632 1943 obtruncat

290 2057 301 2064 f
405 2000 515 2061 que
536 2022 553 2049 ‚
592 1978 688 2058 qui
708 1973 1020 2056 promptius
1052 1965 1373 2027 resistebant
1397 2008 1414 2034 ‚
1451 1985 1629 2043 magnz

280 2082 499 2146 partem
541 2057 779 2119 hostium
828 2050 1099 2134 propulit.
1156 2048 1466 2126 Coeperant
1513 2045 1628 2123 suge

280 2147 559 2203 vic'iores:
600 2145 659 2199 &
690 2137 873 2196 donec
909 2132 1123 2193 avidius
1164 2129 1455 2208 sequentes
1490 2127 1545 2183 in
1585 2146 1620 2204 p

280 2247 415 2283 num
457 2222 739 2282 deduxere
767 2260 784 2287 ,
821 2214 985 2274 multi
1021 2210 1341 2280 cadebant3
1379 2206 1474 2267 sed
1506 2226 1569 2266 ut
1593 2227 1626 2286 p

281 2330 435 2381 mum
461 2305 619 2363 locus
644 2345 661 2370 ,
700 2302 754 2359 in
791 2318 905 2377 quo
931 2294 1067 2353 stare
1095 2310 1289 2372 posset
1313 2332 1329 2358 ‚
1359 2288 1463 2348 suit
1487 2333 1504 2358 ,
1538 2306 1623 2364 aeq

281 2387 495 2449 viribus
529 2384 851 2444 dimicatum
877 2375 971 2436 est.
998 2374 1155 2433 Inter
1179 2393 1371 2431 omnes
1395 2367 1624 2430 tamen}

283 2468 660 2532 cedaemonios
682 2483 780 2522 rex
800 2458 1080 2519 eminebat
1103 2497 1120 2525 ,
1152 2475 1266 2513 non
1288 2473 1567 2513 armorum
1594 2472 1640 2523 1:-¹

283 2553 360 2612 do
394 2555 452 2617 ὅ(
473 2548 726 2627 cor-poris
747 2541 964 2622 specie3
1002 2535 1096 2596 sed
1127 2539 1293 2597 etiam
1324 2528 1660 2614 magnitud!

284 2633 450 2693 animi
484 2672 500 2699 ,
539 2651 655 2710 quo
691 2646 803 2685 uno
840 2622 989 2683 vinci
1031 2640 1144 2677 non
1184 2618 1391 2698 potuit.
1438 2614 1659 2692 Undirss¹

285 2737 434 2779 nunc
459 2711 711 2786 eominus
735 2751 753 2779 ‚
793 2725 942 2780 nunc
968 2702 1180 2763 eminus
1212 2698 1512 2781 petebatur
1535 2716 1556 2770 3
1592 2694 1660 2755 ἐν
1689 2718 1690 2723 ’
