1690 3067
135 77 398 126 LJVRE
431 76 537 124 [Χ.
576 77 1030 129 CHAPITRE
1067 83 1161 132 VJ.
1285 101 1384 154 459

22 160 262 229 adversis
302 159 559 222 solatium
599 183 812 241 magus.
856 163 986 222 Tuo
1026 188 1162 227 vero
1203 175 1386 250 capite

24 242 327 324 ignobilem
361 243 547 303 vicum
583 247 730 311 emi,
767 249 888 324 quis
926 244 1065 307 ferat
1103 272 1213 310 non
1248 273 1386 312 tuo-

20 348 138 388 rum
173 322 344 383 modo
377 323 614 387 militum
636 369 651 394 ,
687 323 780 385 sed
812 327 975 389 ullius
1012 332 1175 389 etiam
1205 340 1390 413 gentis

0 405 270 466 ibarbarae
300 407 470 474 civis,
505 408 600 486 qui
623 426 774 470 tuam
809 411 1245 489 magnitudinem
1280 438 1389 476 no«-

17 490 147 549 ·vit?
182 487 374 548 horret
411 489 625 551 animus
667 490 1012 572 cogitatione
1053 495 1172 567 rei,
1222 519 1389 581 quam

12 569 190 651 3paulo
215 588 341 629 ante
371 567 632 633 vidimus.

39 680 74 705 ω
97 650 306 731 Eloqui
327 651 500 710 timeo
518 695 533 719 ,
560 652 746 712 invisti
771 656 1023 734 corporis
1043 655 1225 737 spoliis
1246 661 1393 720 iner-

14 733 260 793 tissimos
292 752 485 793 manus
510 731 674 793 fuisse
698 737 1000 814 injeciuros
1022 782 1039 807 ,
1076 743 1177 799 nisi
1212 761 1267 801 te
1304 745 1388 801 in-

22 834 334 894 terceptum
358 816 642 878 misericos'
659 820 715 876 in
738 837 838 876 nos
857 817 1081 880 fortuna
1104 821 1393 890 servassem,

27 896 295 958 Totidem
322 896 641 975 proditores
661 941 678 967 ,
711 898 949 961 totidem
975 902 1288 966 desertores
1310 905 1391 965 sue

30 999 145 1041 mus
171 1021 189 1048 ,
234 998 376 1057 quot
404 999 457 1037 te
484 1000 595 1038 non
622 981 905 1058 potuimus
930 988 1209 1066 persequi.
1243 989 1394 1047 Uni-

26 1081 215 1121 versos
240 1059 373 1118 licet
405 1060 606 1122 milites
642 1062 947 1140 ignominia
984 1085 1182 1136 noteS,
1227 1091 1394 1132 nemo

35 1141 299 1201 ’ecusabit
318 1140 470 1205 luere
490 1141 547 1202 id
561 1185 578 1211 ,
605 1142 759 1223 quod
779 1165 848 1203 ne
869 1144 1190 1211 admitteret
1205 1197 1219 1214 ‚
1234 1152 1396 1231 praes·³

36 1244 137 1282 :are
175 1244 286 1282 non
325 1224 530 1302 potuit.
568 1224 764 1284 Patere
811 1247 950 1296 nos,
1008 1251 1200 1309 quaeso
1224 1275 1240 1300 ,
1283 1234 1393 1294 alio

34 1303 195 1367 nodo
235 1325 351 1364 esse
379 1303 515 1367 viles
547 1305 671 1364 tibi.
715 1307 1096 1393 Quocumque
1127 1316 1350 1389 jusseris
1373 1361 1394 1386 ‚

44 1385 242 1447 bimus·
284 1385 547 1446 Obscura
586 1385 733 1450 bella
775 1392 835 1448 &
870 1392 1150 1471 ignobiles
1178 1416 1395 1475 pugnas

39 1467 182 1527 iobis
223 1467 617 1548 deposcimus:
648 1471 1006 1550 temetipsum
1045 1474 1116 1534 ad
1152 1498 1212 1536 ea
1238 1477 1393 1541 serva

40 1549 267 1608 >ericula
287 1593 303 1618 ‚
339 1570 464 1629 quae
495 1550 934 1631 magnitudinem
965 1574 1119 1618 tuam
1144 1561 1393 1637 capiunt,

41 1630 161 1693 Zito
196 1630 374 1711 gloria
405 1631 708 1691 obsolescit
736 1634 792 1693 in
830 1633 1064 1697 sordidis
1100 1639 1346 1705 hostibus
1374 1664 1391 1705 ε

43 1734 126 1771 aec
152 1711 457 1793 quidquam
482 1712 761 1794 indignius
788 1714 865 1777 est
886 1759 902 1785 ,
944 1739 1111 1799 quam
1138 1726 1393 1789 consumi

45 1816 143 1854 eam
170 1837 186 1863 ‚
230 1794 327 1853 ubi
351 1814 462 1874 non
489 1800 665 1873 possit
701 1794 916 1857 ostendi
942 1826 995 1858 cc.
1035 1801 1251 1863 Eadem
1275 1803 1391 1867 fere

47 1876 298 1936 :ilemaeus
317 1919 335 1944 ,
373 1879 431 1937 &
457 1877 651 1937 similia
675 1879 737 1936 iis
769 1883 958 1942 ceteri.
985 1882 1219 1965 Jamque
1249 1908 1392 1948 conc-

54 1958 96 2017 is
121 1957 358 2021 Vocibus
384 1980 509 2021 eum
542 1958 776 2023 orabant
800 2005 815 2028 ,
856 1979 913 2016 ut
934 1962 1146 2019 tandem
1169 1972 1391 2024 exsatiuza

50 2037 195 2098 laudi
231 2037 442 2094 modum
467 2040 699 2116 faceret,
732 2062 795 2096 ac
827 2042 1104 2119 [almificae
1130 2089 1148 2120 2
1191 2047 1249 2104 id
1286 2050 1345 2129 cst
1368 2095 1386 2114 ,

51 2117 168 2174 blicae
187 2137 441 2199 parceret.

53 2201 220 2262 Grata
243 2220 358 2260 erat
376 2203 495 2280 regi
515 2205 687 2282 pietas
713 2203 1039 2266 amicorum.
1058 2205 1259 2289 Itaque
1284 2213 1395 2274 sin-2»

55 2281 129 2343 los
174 2280 489 2342 familiarius
539 2283 827 2363 amplexus
878 2289 1166 2348 considere
1213 2292 1392 2369 jubets,

57 2361 266 2443 tiusque
290 2362 540 2423 sermone
569 2368 809 2444 repetito
824 2410 841 2436 ‚
871 2396 904 2419 πο
929 2366 1109 2428 Vobis
1132 2373 1356 2451 quidem
1375 2419 1392 2444 ,

41 2448 229 2523 ξηφιῐι,
259 2444 322 2501 ol
354 2442 601 2508 fidissimi
628 2449 968 2528 piissimique
994 2455 1200 2511 civium
1223 2475 1392 2536 atque

4 2527 336 2597 ‘timicorum
354 2568 370 2593 ‚
398 2548 580 2605 grates
605 2550 711 2607 ago
732 2529 1026 2609 habeoque
1044 2575 1060 2600 ,
1082 2553 1192 2590 non
1212 2533 1392 2603 solum

14 2614 48 2654 πᾶ
70 2627 102 2663 o
133 2609 358 2669 nomine
379 2650 394 2674 ‚
427 2608 583 2686 quod
615 2608 781 2668 hodie
812 2608 1041 2670 salutem
1068 2636 1244 2675 meam
1271 2619 1394 2678 ves-2.-

25 2707 130 2745 ’.τε
159 2691 479 2769 praeponitis
497 2712 516 2765 3
554 2688 647 2751 sed
683 2691 840 2773 quod
865 2714 893 2751 a
919 2694 1234 2777 primordiis
1263 2699 1397 2767 belli

1145 2795 1193 2847 v
1213 2797 1244 2862 ij
