1690 3067
297 79 564 135 LJVRE
600 75 732 132 Vn.
772 76 1231 130 CHAPJTRE
1270 80 1336 129 X.
1450 75 1542 142 283

0 235 1 240 ¹
129 168 176 226 εἰ
192 191 211 235 ,·
227 165 320 244 sed
344 167 468 223 bello
494 167 778 234 lacessitos,
810 164 1132 239 hostesfuisse
1147 208 1163 233 ,
1185 162 1545 244 respondent.

0 258 1 313 ἦ
130 252 191 307 Si
213 252 324 327 quis
350 249 477 329 ipsos
494 245 726 323 beneficio
742 288 757 314 ,
779 266 939 324 quam
964 247 1164 317 injuria
1191 248 1414 325 experiri
1441 264 1548 299 ma-

0 343 1 350 ’
127 331 300 386 luisset
318 352 338 395 ,·
381 343 654 384 certaturos
671 328 835 403 fnisse
866 368 883 394 ,
918 346 979 380 ne
1011 328 1342 381 vinceremur
1375 326 1546 402 officio..

123 409 614 490 Interrogantique
643 452 659 471 ,
693 429 789 485 quo
819 409 1026 487 pignore
1053 404 1219 481 fidem
1267 405 1547 486 obligaturi

127 509 285 548 essent
307 498 332 546 ?
371 493 554 547 Vitam
581 532 597 555 ‚
636 509 797 566 quam
820 489 1102 567 acciperent
1120 529 1139 555 ,
1165 489 1375 566 pignori
1392 489 1548 562 fata-

128 594 243 628 ram
269 593 366 628 esse
383 614 401 641 ,
442 570 701 631 dixerunt
725 589 746 640 3
775 567 1055 624 reddituros
1080 565 1387 646 quandoque
1408 586 1546 647 repe-

121 656 274 709 tisset.
299 653 425 711 Nec
449 651 782 732 promissum
811 648 1146 710 fefellerunt.
1171 649 1320 708 Nam
1343 649 1546 729 quire-

125 735 276 793 missi
303 733 503 793 domos
537 734 714 792 ierant
739 776 756 802 ,
794 733 848 790 in
873 728 986 790 fide
1011 734 1340 790 continuere
1365 751 1544 810 popu-

124 813 293 874 lares:
317 833 558 894 quatuor
582 815 725 873 inter
752 811 1007 873 custodes
1032 812 1282 893 corporis
1307 812 1541 879 retenti,

124 896 265 955 nulli
287 894 664 955 Macedonum
695 896 747 952 in
772 917 960 974 regem
988 893 1214 952 caritate
1239 912 1546 951 cesserunt.

130 975 198 1034 In
216 976 511 1056 Sogdianis
534 976 815 1036 Peucolao
841 997 967 1034 cum
989 973 1164 1032 tribus
1191 972 1430 1032 millibus
1451 995 1550 1055 pe—

127 1058 303 1117 ditum
330 1099 346 1124 ,
389 1060 411 1129 (
445 1079 626 1137 neque
652 1058 796 1116 enim
828 1057 1022 1133 majori
1044 1053 1302 1133 praesidio
1328 1053 1547 1134 indige-

67 1180 73 1188 x
126 1138 222 1196 bat
257 1144 279 1212 )
314 1137 543 1208 relieio3
577 1137 775 1197 Baetra
810 1138 1086 1215 pervenit.
1127 1134 1270 1194 Inde
1310 1135 1547 1199 Bessum

124 1217 410 1278 Ecbatana
436 1217 566 1277 duci
589 1219 745 1295 jussit
763 1260 780 1287 ,
823 1215 1114 1277 interfecto
1139 1214 1318 1274 Dario
1353 1236 1548 1298 poenas

125 1301 306 1379 capite
332 1298 767 1377 persoluturum.
1060 1306 1063 1310 ’
1199 1344 1206 1354 ,

211 1378 416 1438 Iisdem
439 1377 553 1438 fere
587 1378 781 1439 diebus
816 1378 1152 1438 Ptolemaeus
1187 1381 1244 1436 ὅ(
1284 1377 1543 1437 Menidas

125 1460 378 1540 pediturn
405 1462 506 1519 tria
540 1460 704 1518 millia
727 1503 742 1528 ‚
783 1463 840 1519 ὃς
865 1462 1079 1540 equites
1107 1460 1254 1518 mille
1284 1459 1543 1519 adduxe«

127 1560 257 1601 runt
285 1542 538 1601 mercede
570 1543 919 1600 militaturos·
957 1541 1281 1599 Alexander
1316 1559 1544 1621 quoque

127 1643 197 1682 ex
238 1623 414 1702 Lycia
456 1645 582 1682 cum
626 1623 742 1702 pari
781 1643 1013 1680 numero
1050 1621 1301 1699 peditum
1337 1663 1350 1687 ,
1397 1626 1456 1680 ὃς
1494 1641 1538 1679 D

124 1704 405 1784 equitibus
436 1704 589 1764 venit
624 1745 640 1770 ‚
691 1702 928 1762 totidem
963 1724 992 1761 e
1039 1703 1196 1783 Syria
1238 1701 1538 1781 Asclepio—
1686 1698 1690 1773 J

125 1784 326 1844 dorum
384 1782 752 1863 sequebantur
787 1804 800 1841 ε
855 1783 1156 1863 Antipater
1209 1784 1541 1842 Graecorum
1684 1778 1690 1857 ξ

128 1883 257 1923 v111
288 1864 454 1926 millia
476 1907 493 1932 ‚
527 1866 580 1922 in
616 1864 818 1943 quibus
845 1884 888 1921 D
914 1865 1129 1944 equites
1154 1885 1307 1923 erant
1327 1907 1343 1932 ,
1377 1869 1545 1923 mise-
1683 1858 1690 1883 ⁵

127 1965 230 2004 rat.
270 1945 472 2026 Itaque
505 1947 753 2004 exercitu
793 1946 955 2003 aufto
979 1988 994 2013 ,
1027 1944 1097 2003 ad
1132 1967 1192 2003 ea
1216 1990 1231 2015 ,
1276 1967 1400 2025 quae
1441 1944 1546 2002 de-

124 2025 365 2086 feffione
396 2026 619 2084 turbata
653 2045 843 2093 erant,
886 2023 1274 2118 componenda
1317 2023 1547 2104 proces-

128 2111 237 2178 sit3
272 2105 682 2185 interfet‘iisqne
708 2104 1161 2165 consternationis
1182 2105 1503 2165 auetoribus
1524 2139 1567 2176 ‚2

128 2208 331 2268 quarto
364 2188 453 2247 die
493 2186 562 2247 ad
602 2186 809 2245 flumen
845 2187 1042 2246 Oxum
1078 2206 1410 2266 perventum
1449 2185 1544 2246 est.

130 2269 245 2329 Hic
274 2271 398 2350 quia
423 2269 611 2328 limum
638 2268 789 2328 vehit
812 2310 828 2337 ‚
865 2267 1121 2327 turbidus
1153 2268 1363 2347 semper
1387 2271 1445 2327 &
1467 2269 1551 2325 in-

131 2349 365 2413 salubris
391 2347 467 2407 est
491 2368 652 2429 potu.
678 2348 880 2429 Itaque
907 2369 1105 2427 puteos
1126 2349 1280 2409 miles
1302 2368 1552 2427 coeperat·

128 2428 340 2491 fodere.
368 2432 492 2490 Nec
517 2450 702 2489 tamen
735 2430 905 2489 humo
931 2431 1037 2489 alte
1072 2429 1253 2508 egesta
1278 2428 1546 2488 existebat

129 2511 371 2584 humor3
403 2533 531 2570 cum
571 2516 624 2572 in
662 2512 783 2590 ipso
806 2510 1168 2571 tabernaculo
1204 2512 1350 2589 regis
1385 2509 1551 2569 cons-

130 2594 320 2669 peetus
346 2591 419 2651 est
442 2590 565 2650 fons
589 2634 605 2659 ‚
649 2613 814 2670 quem
843 2592 966 2671 quia
993 2591 1150 2651 tarde
1177 2611 1506 2652 notaverant
1529 2635 1547 2653 ‚

127 2670 312 2741 subito
349 2672 594 2735 extitisse
635 2670 938 2740 finxerunt.
981 2672 1218 2756 Rexque
1252 2674 1366 2754 ipse
1392 2670 1554 2739 credi,
