1690 3067
225 91 484 146 LJVRE
525 91 579 145 V.
618 85 1061 142 CHAPITRE
1096 83 1244 140 ΧΠ.
1382 100 1454 155 79

32 200 359 237 recessurum.
400 178 683 255 Difficilius
708 174 804 231 sibi
828 196 925 231 esse
949 173 1202 231 damnare
1226 218 1244 245 ,
1288 196 1450 254 quarn

35 252 219 341 decipi.
260 256 539 338 Qidquid
558 259 667 335 fors
699 257 892 312 tulisset
912 297 931 326 ‚
963 257 1095 310 inter
1111 256 1228 329 snos
1254 259 1454 337 perpeti

34 344 224 414 malle,
257 362 416 421 qaam
440 340 763 418 transfugam
779 337 919 412 fieri.
952 341 1067 393 Sero
1086 337 1141 410 se
1159 342 1328 416 perire
1352 381 1368 400 ,
1409 339 1454 391 si

24 422 242 497 salvam
268 443 365 479 esse
377 419 465 496 sai
488 422 671 475 milites
700 420 903 474 nollent.
927 418 1135 476 Patron
1158 417 1452 496 desperata

28 502 201 563 salute
235 504 378 583 regis
401 543 416 570 ‚
457 495 528 560 ad
553 521 648 560 eos
665 541 682 569 ,
707 496 910 578 quibus
935 517 1171 578 praeerat
1189 541 1210 569 ,
1244 500 1450 574 rediit3

29 587 214 644 omnia
246 605 350 665 pro
384 581 498 644 fide
524 582 762 663 experiri
789 599 1031 661 paratus,

118 843 169 903 C
191 860 300 903 ΑΡ.
332 839 498 902 XII.
522 841 606 902 At
636 841 840 901 Bessus
869 839 1168 901 occidendi
1192 840 1448 922 protinus

25 926 169 1004 regis
189 925 457 1003 impetum
481 941 837 1003 conceperat.
863 921 976 981 Sed
995 927 1204 982 veritus
1232 944 1298 981 ne
1322 945 1449 1003 grae

26 1007 159 1065 tiam
197 1003 549 1073 Alexandri,
594 1005 649 1062 ni
692 1005 880 1064 vivum
921 1026 1047 1063 eum
1086 1003 1447 1074 tradidisset„¹

27 1087 163 1145 inire
194 1107 307 1145 non
334 1105 524 1165 posset
543 1106 563 1157 3
601 1084 775 1145 dilato
798 1085 852 1142 i'n
879 1086 1189 1163 proximam
1222 1087 1447 1144 noctem

24 1165 244 1227 sceleris
281 1167 513 1226 consilio
537 1210 554 1237 ,
591 1187 755 1247 agere
796 1168 997 1246 gratias
1028 1167 1223 1246 incipit
1245 1209 1263 1235 ‚
1306 1165 1448 1244 qnod

17 1246 209 1329 perfidi
252 1247 471 1304 hominis
514 1248 733 1304 insidias
768 1290 785 1316 ‚
832 1251 949 1320 jam
988 1245 1293 1305 Alexandri
1333 1265 1444 1328 opes

14 1330 284 1409 Jpeiiantis
305 1372 321 1397 ,
347 1327 634 1410 prudenter
672 1346 918 1406 cauteque
950 1330 1182 1384 vitasset.
1220 1333 1442 1383 Donum

25 1432 137 1464 etim
163 1409 284 1485 hosti
306 1415 541 1466 laturam
557 1412 721 1486 faisse
756 1412 879 1488 regis
905 1427 1074 1490 capnt.
1113 1415 1233 1465 Nec
1269 1412 1441 1465 mira-

25 1493 111 1563 ri,
139 1490 394 1546 hominem
437 1490 661 1547 mercede
701 1489 1006 1547 concitatum
1047 1493 1221 1546 omnia
1261 1488 1441 1546 habere

23 1574 238 1628 venalia
259 1597 276 1626 .·
311 1574 415 1627 sine
431 1575 636 1652 pignore
655 1595 675 1637 3
702 1574 806 1627 sine
839 1574 946 1627 lare
966 1594 986 1636 ,-
1025 1589 1285 1628 terraram
1315 1570 1444 1627 orbis

23 1654 222 1709 esculem
244 1676 266 1717 ;
300 1654 576 1726 ancipitem
599 1652 778 1727 histem
801 1676 821 1718 ,-
857 1651 931 1708 a'd
961 1670 1146 1708 natam
1169 1655 1439 1709 licentiam

23 1735 371 1809 circumferri.
397 1734 665 1814 Purganti
700 1732 899 1794 deinde
924 1755 981 1793 se
1003 1777 1020 1804 ,
1050 1733 1323 1815 Deosque
1345 1756 1445 1814 pa-

22 1817 159 1874 trios
188 1813 512 1887 testesfidei
537 1815 642 1873 suae
670 1817 991 1883 invocanti,
1036 1814 1243 1875 Darius
1278 1817 1442 1875 vultu

20 1897 388 1963 assentiebat,
427 1896 578 1955 haud
624 1896 826 1955 dubius
847 1939 864 1965 ,
909 1898 1039 1976 quin
1084 1918 1216 1958 vera
1250 1896 1444 1957 defer-

20 1997 212 2036 rentur
244 2000 274 2036 a
307 1978 556 2048 Graecis3
593 1975 687 2035 sed
713 2000 780 2037 eo
809 1998 992 2036 rerum
1015 1998 1247 2037 ventum
1283 1998 1398 2037 erat
1418 2022 1438 2047 ,

23 2078 84 2116 ut
122 2077 235 2116 tam
272 2058 645 2136 periculosum
685 2079 827 2117 esset
865 2080 976 2115 non
1012 2058 1239 2117 credere
1276 2058 1383 2117 suis
1415 2073 1436 2129 ',

20 2161 185 2219 quarn
215 2137 414 2216 decipi.
443 2138 575 2197 Xxx
603 2139 769 2199 millia
797 2159 951 2198 erant
970 2181 985 2206 ,
1009 2161 1249 2219 quorum
1276 2140 1439 2199 incli-

20 2226 147 2278 nata
171 2222 223 2276 in
251 2218 426 2278 scelus
452 2220 645 2280 levitas
669 2221 972 2281 timebatur
994 2241 1014 2291 3
1051 2240 1120 2278 ιν
1149 2221 1313 2280 millia
1335 2222 1439 2282 Pa-

21 2319 148 2358 tron
187 2300 429 2359 habebat
461 2321 475 2360 τ
509 2302 711 2381 quibus
748 2307 792 2361 si
834 2300 1160 2362 credidisset
1200 2301 1434 2362 saluteni

19 2380 166 2438 suam
194 2421 212 2448 ,
256 2380 509 2441 damnata
555 2383 909 2462 popularium
947 2381 1096 2451 fide,
1130 2384 1432 2464 parricidio

20 2462 433 2521 excusationem
457 2462 688 2523 videbat
728 2462 933 2522 offerri.
971 2463 1172 2544 Itaque
1206 2486 1434 2544 praeop-

18 2541 172 2601 tabat
203 2542 477 2601 immerito
499 2586 514 2610 ,
555 2566 718 2623 quarn
744 2547 862 2622 jure
889 2544 1100 2604 violari.
1134 2547 1310 2604 Besso
1340 2567 1433 2604 ta-¹

12 2644 141 2685 men
166 2621 482 2684 insidiarum
508 2624 798 2684 consilium
819 2628 1081 2707 purganti
1104 2626 1395 2706 respondit
1408 2647 1430 2697 3

1149 2742 1270 2792 Div
