1690 3067
135 101 203 146 44
415 83 1310 152 QUJNTE-CURCE,

133 200 167 223 ω
195 169 509 230 fortunatos
534 169 748 251 semper
773 192 961 249 parem
990 192 1237 250 quaerere
1262 169 1286 228 ἓ
1319 169 1560 229 obsecro

130 281 166 305 ω
194 273 296 312 vos
317 294 334 320 ,
372 251 504 310 olim
527 253 640 311 vita
663 250 909 311 defuneli
934 295 948 320 ‚
984 274 1294 331 quaeramus
1325 252 1514 312 locum
1535 294 1554 318 ,

131 362 166 386 :D
189 335 242 391 in
271 354 385 413 quo
417 334 536 393 haec
560 332 765 393 semesa
790 333 1038 393 membra
1071 334 1371 392 obruamus
1400 354 1414 391 τ
1457 332 1558 390 ubi

129 443 164 467 :n
191 415 484 474 horribiles
539 417 828 475 cicatrices
883 415 1028 474 celet
1092 415 1337 475 exilium.
1394 415 1560 474 Grati

130 524 164 548 a>
191 518 418 576 prorsus
443 498 781 577 conjugibus
799 539 815 564 ,
842 518 977 576 quas
1002 500 1231 575 juvenes
1255 497 1516 556 duximus
1537 509 1564 565 ᾗ

129 607 164 630 πω
191 579 573 641 revertemur!
615 579 810 638 Liberi
833 584 889 638 in
920 577 1061 636 flore
1092 582 1150 638 &
1182 580 1358 638 aetatis
1392 582 1451 637 &
1477 599 1559 636 re-

129 688 163 713 σο
192 683 317 719 rum
348 680 657 740 agnoscent
680 703 697 729 ,
750 663 809 718 &
852 659 1046 719 fratres
1089 660 1347 741 ergastuli
1382 658 1559 719 detri-

129 770 163 794 ω
189 741 426 801 menta?
463 743 537 801 Et
563 761 735 822 quota
772 763 898 821 pars
938 740 1107 800 nostri
1141 762 1231 801 tot
1256 742 1414 800 obire
1445 761 1560 799 ter-

130 852 164 875 »
193 845 278 882 ras
305 822 489 904 potest
514 822 536 880 ἵ
569 823 777 883 Procul
799 823 1027 902 Europa
1059 828 1118 883 in
1158 823 1352 883 ultima
1375 825 1560 883 orien-

130 933 165 957 υ
192 911 261 966 tis
299 905 572 985 relegati,
613 903 767 964 senes
792 948 809 973 ,
855 903 1068 965 debiles
1091 948 1108 973 ,
1147 909 1356 986 majore
1385 926 1561 963 mem-

128 1015 164 1039 ω
192 987 422 1045 brorum
457 1007 613 1066 parte
640 987 892 1055 multati,
928 986 1292 1064 tolerabimus
1313 986 1558 1055 scilicet,

129 1095 163 1120 ω
191 1089 315 1148 quae
347 1090 590 1127 armatos
621 1072 679 1128 ὃς
713 1069 949 1128 νὶέὶοτεε
983 1066 1379 1148 fatigaverunt.
1406 1067 1562 1126 Con-

131 1178 164 1202 se
188 1155 347 1230 juges
381 1149 582 1209 deinde
605 1193 620 1219 ,
662 1171 798 1230 quas
826 1152 1002 1230 captis
1029 1148 1144 1209 sors
1176 1154 1233 1208 ὃς
1256 1150 1559 1209 necessitas

127 1260 163 1285 ω
193 1234 418 1290 unicum
442 1231 699 1291 solatium
725 1230 995 1311 applicuit
1016 1276 1033 1301 ‚
1077 1253 1396 1311 parvosque
1418 1229 1560 1290 libe—

128 1342 164 1366 ω
194 1336 285 1373 ros
307 1357 324 1382 ,
357 1313 627 1373 trahimus
664 1314 999 1382 nobiscum,
1040 1334 1106 1371 an
1143 1313 1506 1392 relinquimus
1533 1309 1559 1370 ἓ

130 1424 165 1448 20
194 1418 324 1454 cum
366 1396 447 1453 his
488 1397 775 1456 venientes
818 1416 984 1453 nemo
1021 1413 1326 1474 agnoscere
1379 1393 1558 1454 volet.

129 1506 164 1530 ω
190 1476 598 1558 Relinquemus
641 1498 778 1557 ergo
817 1478 1104 1556 extemplo
1142 1479 1437 1556 praesentia
1470 1475 1559 1554 pi-

129 1588 164 1611 ω
191 1581 368 1639 gnora
392 1603 407 1627 ‚
455 1581 583 1618 cum
623 1577 898 1617 incertum
943 1578 1051 1627 Sit„
1089 1581 1157 1617 an
1192 1577 1365 1618 Visuri
1389 1577 1558 1616 simus

130 1669 164 1693 πο
190 1664 251 1700 ea
285 1663 409 1720 quae
453 1639 744 1720 petimus?
780 1639 938 1697 Inter
972 1641 1073 1698 hos
1110 1638 1399 1700 latendum
1440 1636 1557 1709 est,

124 1749 161 1775 ω
193 1725 292 1806 qui
313 1744 417 1782 nos
441 1723 671 1782 miseros
691 1743 853 1782 nosse
878 1741 1186 1801 caeperunt.

217 2050 362 2111 Haec
393 2050 745 2132 Euthymon.
780 2047 1000 2109 Contra
1023 2048 1352 2107 Theaetetus
1374 2045 1559 2107 Athe-

129 2134 334 2192 niensis
360 2154 518 2192 orsus
538 2131 614 2190 est
646 2131 865 2191 dicere:
894 2162 927 2184 υ
957 2132 1256 2190 Neminem
1281 2133 1433 2209 pium
1462 2131 1561 2188 ha-

128 2245 165 2270 m
189 2216 309 2275 bitu
336 2221 590 2293 corporis
620 2211 745 2272 suos
768 2212 1162 2273 aestimaturum
1183 2235 1203 2285 3
1237 2213 1429 2290 utique
1459 2210 1559 2268 sae-

130 2297 325 2355 „vitia
364 2294 530 2354 hostis
573 2339 589 2364 ,
637 2316 750 2354 non
796 2315 989 2353 natura
1031 2293 1405 2353 calamitosos.
1452 2290 1560 2350 Di-

131 2407 165 2433 »
190 2400 364 2457 gnum
397 2399 512 2436 esse
546 2378 698 2436 omni
730 2377 877 2436 malo
898 2421 914 2445 ,
953 2377 1050 2455 qui
1071 2374 1426 2434 erubesceret
1448 2372 1557 2432 for—

130 2488 165 2513 20
190 2461 366 2518 tuita:
401 2457 607 2517 tristem
638 2460 783 2516 enim
815 2458 885 2517 de
906 2455 1245 2515 mortalitate
1265 2453 1409 2514 ferre
1443 2454 1560 2515 sen-

130 2569 167 2594 20
194 2541 465 2612 tentiam3
499 2543 557 2598 ὃς
588 2540 881 2619 desperare
916 2535 1350 2598 misericordiam
1374 2580 1390 2605 ,
1426 2538 1557 2617 quia

132 2651 168 2675 α)
195 2623 308 2700 ipse
344 2620 501 2679 alteri
524 2619 901 2701 denegaturus
931 2622 1019 2679 sit.
1053 2618 1211 2679 Deos
1236 2660 1252 2686 ,
1276 2619 1430 2697 quod
1454 2619 1558 2697 ipsi

132 2731 167 2758 ω
195 2723 479 2785 nunquam
528 2704 642 2762 ausi
686 2723 881 2784 optare
919 2699 1156 2776 forent5
1206 2698 1405 2759 offerre
1459 2720 1558 2780 pa·
