1690 3067
291 86 551 153 [IVRE
590 103 643 152 V.
687 95 1145 151 CHAPJTRE
1194 102 1236 152 J.
1453 106 1487 166 ’7‘

56 193 112 249 t'e
138 187 338 248 nobilis
360 189 560 267 regio3
594 185 896 266 campestre
921 187 1026 244 iter
1065 185 1160 246 est.
1194 185 1352 247 Inter
1391 185 1487 246 Ti-⁷

54 271 177 351 grin
215 273 273 329 &
311 270 636 349 Euphraten
662 268 898 348 jacentia
928 288 1041 328 tam
1073 269 1232 328 uberi
1268 273 1326 329 ἃ
1365 272 1486 348 pin·
1524 320 1527 322 .

56 353 152 432 gui
176 350 294 411 solo
316 351 440 410 sunt
464 396 481 421 ,
508 371 570 410 ut
596 374 624 410 a
650 349 805 430 pastu
835 351 1029 430 repelli
1055 371 1260 429 pecora
1288 352 1485 412 dican-

56 453 148 492 tur
169 478 185 503 ,
220 456 288 492 ne
319 433 536 493 satietas
571 434 824 514 perimat.
854 433 1042 492 Causa
1082 431 1380 492 fertilitatis
1407 433 1485 492 est

57 516 283 585 humor,
313 516 408 596 qui
435 537 503 574 ex
531 534 776 595 utroque
806 531 963 573 amne
985 534 1195 577 manat,
1220 534 1347 573 toto
1370 513 1488 575 fere

52 595 172 656 solo
209 615 442 677 propter
477 618 646 658 venas
693 618 959 676 aquarum
1007 595 1324 655 resudante.
1368 596 1488 678 Ipsi

57 700 243 739 amnes
283 700 351 739 ex
388 679 674 738 Armeniae
718 677 1004 737 montibus
1044 676 1372 758 profluunt,
1417 701 1483 738 ac

55 782 260 842 magno
295 759 497 820 deinde
539 782 805 841 aquarum
846 759 1091 819 divortio
1125 761 1231 818 iter
1265 803 1282 829 ,
1327 761 1485 840 quod

56 864 292 923 cepere,
335 861 687 922 percurrunt.
726 841 866 901 Duo
905 841 1074 901 millia
1109 845 1166 901 ὅ(
1206 861 1271 900 D.
1310 840 1482 902 stadia

56 925 262 985 emensi
310 923 436 983 sunt
471 967 487 993 ‚
536 928 631 1004 qui
680 923 1078 1003 amplissimum
1126 922 1483 983 intervallum·

55 1008 200 1066 circa
219 1006 501 1065 Armeniae
528 1022 747 1064 montes
767 1024 1123 1065 notaverunt.
1148 1004 1329 1064 Iidem
1352 1021 1483 1064 cum

56 1085 264 1148 Mediae
300 1088 358 1145 &
391 1086 812 1146 Gordianorum
856 1106 1028 1146 terras
1068 1085 1251 1147 secare
1293 1108 1485 1168 coepe-

55 1188 220 1238 runt,
247 1168 512 1248 paulatim
546 1170 601 1227 in
627 1170 824 1229 arelius
855 1173 1064 1228 coeunt
1086 1212 1101 1237 ‚
1137 1172 1196 1228 &
1225 1190 1338 1249 quo
1364 1169 1484 1229 lon-2

38 1253 179 1331 gius
218 1270 479 1319 manant,
518 1251 626 1310 hoc
660 1248 939 1330 angustius
973 1252 1118 1309 inter
1156 1250 1209 1310 se
1244 1251 1480 1329 spatium

57 1352 216 1391 terrae
241 1330 582 1413 relinquunt.
605 1331 794 1393 Vicini
821 1337 1057 1392 maxime
1080 1331 1203 1391 sunt
1229 1333 1310 1391 his
1334 1355 1484 1393 cam-

58 1418 144 1492 pis
178 1455 194 1489 2
237 1433 380 1493 quos
421 1413 621 1474 incolae
666 1416 1111 1493 Mesopotamiam
1156 1415 1486 1495 appellant3

60 1492 296 1553 mediam
341 1512 583 1576 namque
626 1496 696 1554 ab
749 1514 991 1575 utroque
1033 1493 1204 1556 latere
1249 1496 1486 1556 conclue-

55 1575 219 1634 dunt.
265 1574 446 1635 Iidem
483 1599 584 1656 per
620 1575 1067 1657 Babyloniorum
1104 1576 1244 1639 fines
1276 1580 1329 1638 in
1364 1578 1485 1639 Ru-

57 1656 220 1716 brum
245 1679 391 1716 mare
421 1678 815 1737 prorumpunt.

137 1738 464 1798 Alexander
508 1745 717 1818 quartis
758 1739 942 1801 castris
981 1740 1051 1801 ad
1082 1741 1336 1802 Memnin
1382 1765 1485 1802 ur·-

57 1818 187 1879 bem
210 1822 481 1899 pervenit.
505 1822 762 1881 Caverna
782 1822 860 1880 ibi
886 1822 960 1882 est
984 1868 998 1892 ,
1032 1846 1101 1883 ex
1121 1846 1229 1904 qua
1254 1822 1379 1884 fons
1406 1827 1485 1882 in-

59 1921 283 1979 gentem
324 1903 435 1961 vim
471 1902 752 1962 bituminis
790 1903 1028 1966 effundit
1050 1949 1066 1974 ,
1103 1906 1245 1965 adeo
1273 1926 1334 1964 ut
1357 1905 1485 1966 satis

60 1980 300 2050 constet,
324 1983 673 2065 Babylonios
699 2008 884 2045 muros
912 1988 1149 2067 ingentis
1176 1989 1358 2067 operis
1381 1988 1480 2047 hu·-

57 2065 143 2203 ἒιε
178 2062 345 2123 fontis
383 2065 653 2126 bitumine
689 2067 966 2128 interlitos
998 2091 1139 2129 esse.
1167 2069 1438 2128 Ceterum
1462 2111 1482 2140 ,

113 2144 408 2227 abylonem
448 2147 778 2225 procedenti
818 2149 1152 2210 Alexandro
1194 2150 1481 2220 MazaeuS,

59 2227 157 2304 qui
196 2248 264 2285 ex
303 2230 420 2287 acie
459 2231 513 2286 in
558 2230 755 2290 urbem
792 2252 911 2290 eam
950 2230 1280 2313 confugerat
1305 2275 1319 2301 ,
1352 2255 1481 2291 cum

61 2306 261 2367 adultis
299 2308 484 2369 liberis
531 2309 763 2392 supplex
804 2316 1050 2372 occurrit
1083 2359 1099 2384 ,
1150 2314 1347 2373 urbem
1395 2312 1482 2371 se-

62 2409 171 2466 que
205 2388 433 2451 dedens.
470 2393 677 2452 Gratus
719 2392 995 2454 adventus
1035 2398 1151 2475 ejus
1191 2392 1295 2452 fuit
1331 2400 1480 2474 regi.

62 2469 289 2547 Quippe
326 2475 508 2551 magni
546 2479 727 2553 operis
756 2473 940 2535 futura
976 2496 1092 2536 erat
1120 2475 1339 2535 obsidio
1364 2496 1480 2535 tam

63 2551 288 2609 munitae
319 2554 488 2613 urbis.
520 2556 620 2615 Ad
657 2557 766 2616 hoc
798 2559 882 2616 vir
916 2557 1134 2617 illustris
1156 2601 1172 2627 ,
1217 2560 1273 2616 &
1312 2579 1480 2617 manu

60 2651 316 2702 promtus
338 2677 354 2701 ,
393 2632 645 2716 famaque
672 2640 834 2696 etiam
860 2645 1119 2716 proximo
1150 2639 1344 2716 praelio
1381 2662 1480 2697 ce·-

57 2710 260 2783 lebris,
288 2717 345 2777 ὃς
377 2736 591 2779 ceteros
618 2718 687 2779 ad
724 2718 1065 2782 deditionem
1097 2720 1174 2779 sui
1211 2721 1478 2780 incitam--

1174 2819 1199 2855 Α
1230 2820 1276 2869 iv

1165 2857 1179 2868 6
1192 2855 1214 2867 Δ.
1247 2859 1250 2861 “
