1690 3067
195 90 294 143 452
497 75 1378 143 QUINTE-CURCE,

185 178 342 218 erant
379 157 590 218 aditum
613 202 631 227 ,
671 161 920 238 irrupere
959 160 1013 216 in
1054 160 1287 232 urbem3
1320 162 1612 244 Indosque

183 240 372 319 plures
402 238 678 320 fugientes
712 260 879 320 quam
914 242 1185 321 congredi
1207 264 1367 302 ausos
1399 245 1614 304 cecide-⁵

181 342 334 381 runt.
360 322 496 380 Non
520 320 741 382 senibus
763 365 779 390 ,
817 343 930 380 non
958 321 1174 382 feminis
1196 366 1212 392 ,
1245 346 1359 383 non
1383 323 1611 385 infanti-

184 402 290 462 bus
313 408 597 483 parcitur:
625 405 877 484 quisquis
903 423 1254 473 occurrerat,
1283 406 1351 464 ab
1375 406 1471 466 illo
1494 406 1616 468 vula

183 505 438 544 neratum
481 507 669 565 regem
710 506 825 544 esse
870 486 1196 564 credebant.
1242 485 1614 568 Tandemque

181 568 564 626 internecione
589 566 828 626 hostium
849 565 1003 646 justae
1026 570 1119 626 irae
1138 588 1491 649 parentatum
1514 568 1610 629 est.

180 647 552 726 Ptolemaeum
573 692 588 718 ‚
617 651 714 728 qui
738 646 924 728 postea
948 656 1235 728 regnavit,
1256 651 1384 710 huic
1406 672 1610 731 pugnae

182 727 422 790 adfuisse
457 773 472 799 ,
514 733 707 809 au&or
741 728 817 788 est
852 729 1172 790 Clitarchus
1194 773 1211 799 ,
1251 735 1309 791 &
1348 732 1612 813 Timage-

182 833 299 870 neS.
330 810 444 870 Sed
476 813 591 891 ipse
612 856 635 884 ,q
660 810 871 871 scilicet
892 812 1085 891 gloriae
1109 811 1215 871 suae
1239 834 1350 872 non
1378 812 1614 895 refraga-

181 914 272 952 tus
292 935 309 960 ‚
344 891 583 953 abfuisse
606 892 659 952 se
682 938 697 957 ,
724 894 948 952 missum
980 896 1033 953 in
1065 893 1484 972 expeditionem
1505 918 1610 972 me-

181 975 372 1032 moriae
404 973 657 1035 tradidit.
696 973 880 1033 Tanta
908 978 1367 1055 componentium
1399 975 1610 1038 vetusta

181 1077 366 1114 rerum
397 1076 789 1125 monumenta,
817 1057 908 1116 vel
931 1055 1222 1127 securitas,
1249 1058 1339 1118 vel
1364 1080 1462 1137 par
1482 1060 1611 1117 huic

181 1139 381 1196 vitium
415 1180 430 1206 ,
472 1138 775 1198 credulitas
811 1137 953 1196 fuit!
992 1137 1150 1218 Rege
1186 1141 1241 1198 in
1279 1139 1611 1198 tabernacu-

181 1219 300 1278 lum
325 1218 502 1279 relato
524 1263 540 1289 ,
576 1219 779 1279 medici
801 1220 1014 1299 lignum
1039 1218 1197 1278 hastae
1232 1222 1456 1300 corpori
1483 1216 1607 1279 infi-

182 1323 318 1379 §tum
335 1343 351 1370 ‚
387 1302 461 1359 ita
487 1322 556 1359 ne
581 1300 850 1380 spiculum
876 1321 1194 1374 moveretur
1211 1345 1225 1370 ,
1254 1298 1608 1362 abscindunt.

141 1437 143 1439 .
185 1382 447 1462 Corpore
474 1381 675 1442 deinde
702 1379 914 1441 nudato
939 1381 1386 1442 animadvertunt
1417 1384 1609 1443 hamos

179 1465 354 1523 inesse
379 1464 534 1538 telo3
563 1486 664 1523 nec
694 1460 852 1523 aliter
877 1462 932 1522 id
955 1462 1070 1543 sine
1095 1464 1338 1543 pernicie
1360 1468 1611 1545 corporis

182 1546 399 1606 extrahi
427 1567 592 1625 posse
613 1590 629 1617 ‚
662 1566 829 1626 quam
856 1565 918 1604 ut
948 1544 1187 1605 secando
1219 1546 1421 1606 vulnus
1443 1571 1608 1628 auge-

181 1648 326 1688 rent.
355 1628 626 1689 Ceterum
652 1650 717 1688 ne
743 1626 987 1687 secantes
1021 1626 1360 1708 profluvium
1396 1628 1612 1709 sangui-

183 1712 266 1769 nis
294 1732 630 1788 occuparet,
664 1710 1040 1781 verebantur3
1077 1710 1282 1791 quippe
1304 1715 1499 1790 ingens
1520 1733 1609 1772 te-

181 1793 299 1851 lum
322 1791 575 1852 adactum
609 1812 725 1852 erat
744 1835 762 1862 ,
795 1795 852 1851 &
876 1811 1191 1871 penetrasse
1215 1794 1267 1851 in
1293 1793 1505 1853 viscera
1525 1795 1610 1856 vi-

186 1874 444 1933 debatur.

246 1952 601 2023 Critobulus,
622 1956 763 2012 inter
777 1953 1025 2013 medicos
1044 1954 1173 2013 artis
1193 1955 1426 2024 eximiae,
1443 1955 1610 2016 sedin

183 2057 343 2096 tanto
358 2037 612 2117 periculo
627 2037 869 2104 territuS,
887 2057 1079 2095 manus
1093 2036 1392 2096 admovere
1407 2056 1615 2098 metue-

183 2120 281 2177 bat
304 2162 319 2187 ,
348 2140 416 2178 ne
430 2119 483 2175 in
500 2119 666 2197 ipsius
685 2136 854 2197 caput
870 2139 1060 2196 parum
1078 2140 1356 2197 prosperae
1374 2122 1608 2179 curatio-

183 2202 266 2258 nis
306 2198 582 2259 recideret
622 2219 875 2260 eventuS.
916 2199 1350 2280 Lacrymantem
1387 2223 1512 2260 eum
1545 2222 1610 2261 ac

184 2300 526 2341 metuentem
548 2324 563 2348 ,
600 2285 657 2339 ὃς
682 2280 1053 2340 sollicitudine
1075 2281 1483 2359 propemodum
1511 2306 1614 2345 ex-

183 2363 445 2444 sanguem
462 2383 561 2420 rex
579 2379 967 2440 conspexerat.
984 2361 1134 2432 Qid
1150 2407 1165 2425 ,
1179 2363 1360 2442 inquit
1375 2406 1391 2430 ,
1409 2365 1613 2441 quodve

187 2446 651 2524 tempns'exspecflas
666 2486 682 2512 ,
709 2442 771 2499 &³
796 2464 896 2498 non
922 2446 1315 2523 quamprimum
1333 2443 1425 2501 hoc
1445 2445 1614 2506 dolore

189 2549 268 2581 me
284 2528 472 2599 saltem
506 2527 821 2581 moriturum
845 2523 1026 2580 liberas
1047 2532 1073 2580 ,Ρ
1111 2527 1202 2579 An
1226 2528 1371 2580 times
1403 2548 1464 2582 ne
1501 2549 1612 2586 reus

190 2608 256 2664 sis
275 2616 300 2664 ,Ρ
332 2628 452 2663 cum
476 2604 769 2663 insanabile
789 2607 987 2660 vulnus
1010 2608 1296 2686 acceperim
1314 2615 1341 2662 ,Ρ
1375 2606 1461 2666 At
1487 2610 1612 2670 Cri-

188 2688 420 2751 tobulus
440 2688 667 2751 tandem
688 2686 776 2750 vel
800 2685 960 2749 finito
979 2730 997 2761 ,
1025 2687 1115 2750 vel
1137 2685 1482 2750 d1ssi1nulato
1505 2712 1613 2763 mee
