1690 3067
229 104 328 148 ,ῳ
486 80 568 158 ’ρ
607 92 1218 141 UJNTE-CUR
1259 92 1486 153 σις’,γ

229 173 539 253 praerapida
569 175 852 235 celeritate
879 174 1171 236 fluminum
1196 195 1562 257 occupantur.
1591 175 1652 238 Ιτ-

232 256 410 313 oculis
442 255 559 316 duo
594 260 802 337 majora
836 260 1084 316 omnium
1125 265 1347 339 navi-gia
1383 259 1646 320 submersa

228 334 355 394 sunt
376 358 394 408 3
437 337 647 399 leviora
679 361 806 398 cum
839 342 896 398 ὅ(
930 340 1045 419 ipsa
1081 342 1378 419 nequirent
1414 343 1568 421 regi,
1607 343 1652 400 ir

231 419 407 497 ripam
431 439 616 480 tamen
643 421 869 479 innoxia
899 420 1129 501 expulsa
1160 421 1304 482 sunt.
1338 421 1466 501 Ipse
1490 444 1588 482 rex
1606 425 1623 480 i
1644 466 1650 480 .»

232 499 612 578 rapidissimos
652 506 899 563 vortices
939 502 1177 562 incidit:
1218 505 1422 584 quibus
1456 508 1648 566 intorte

232 583 423 651 naviS,
452 584 679 665 obliqua
701 627 718 652 ,
753 587 812 643 ὃς
838 583 1206 665 gubernaculi
1227 586 1519 666 impatiens
1539 608 1651 668 age«

234 663 421 722 batur.
457 666 578 725 Jam
621 664 826 725 vestem
871 664 1188 727 detraxerat
1227 668 1489 746 corpori,
1530 685 1648 748 pro-

234 747 474 823 jecturus
496 745 667 806 semet
694 749 749 805 in
773 746 982 806 flumen
1005 771 1025 822 3
1062 748 1332 830 amicique
1357 769 1421 807 ut
1446 754 1648 829 excipe·

234 847 358 885 rent
389 850 547 897 eum,
568 828 719 888 haud
742 829 941 909 procul
972 830 1213 888 nabant:
1250 830 1649 911 apparebatque

237 930 443 988 anceps
466 911 775 989 periculum
809 930 921 970 tam
945 913 1221 980 nataturi,
1257 934 1419 991 quam
1446 914 1650 992 naviga·

236 1012 295 1048 re
326 995 751 1069 perseverantis.
784 992 941 1073 Ergo
975 995 1186 1074 ingenti
1211 997 1510 1054 certamine
1536 1015 1650 1053 con·

241 1074 417 1132 citant
450 1096 665 1144 remOS‚
691 1095 1012 1156 quantaque
1044 1077 1126 1135 vis
1157 1076 1393 1134 humana
1426 1098 1541 1135 esse
1571 1098 1651 1155 po·

238 1173 384 1213 terat
425 1155 653 1215 admota
683 1155 760 1216 est
785 1200 802 1225 ,
843 1177 906 1216 ut
942 1156 1181 1226 fluctus,
1224 1158 1318 1236 qui
1349 1155 1401 1214 se
1439 1159 1652 1218 invehe-

240 1236 378 1294 bant
401 1279 414 1305 ,
451 1239 931 1298 everberat-entur.
965 1237 1132 1297 Findi
1168 1236 1423 1297 crederes
1458 1239 1653 1311 undas:

244 1322 302 1377 &
328 1338 481 1378 retro
513 1322 763 1400 gurgites
796 1319 1013 1378 cedere.
1053 1319 1277 1392 Quibus
1314 1320 1537 1378 tandem
1568 1338 1654 1380 “na-

244 1401 325 1459 vis
352 1421 541 1479 erepta
565 1445 580 1470 ,
615 1422 729 1460 non
761 1421 945 1460 tamen
970 1403 1101 1480 ripae
1136 1399 1518 1480 applicabatur
1537 1446 1551 1470 ‚
1577 1400 1656 1462 sed

241 1483 295 1540 in
323 1484 641 1562 proximum
675 1481 882 1543 vadum
914 1482 1166 1541 illiditur.
1199 1482 1348 1540 Cum
1379 1504 1537 1541 amne
1559 1483 1657 1544 bel-

246 1564 361 1622 lum
406 1562 572 1624 fuisse
625 1565 900 1625 crederes,
949 1564 1107 1645 Ergo
1153 1565 1255 1623 aris
1296 1586 1399 1644 pro
1443 1586 1658 1624 numero

242 1646 537 1706 fluminum
569 1649 763 1727 positis
780 1690 796 1716 ,
820 1643 1202 1726 sacrificioque
1229 1643 1373 1705 facto
1392 1689 1409 1715 ,
1445 1668 1558 1706 xxx
1579 1644 1660 1706 sta-

244 1731 335 1787 dia
360 1732 649 1807 processit.

333 1809 476 1872 Inde
509 1831 743 1872 ventum
763 1809 837 1870 est
858 1816 912 1871 in
936 1816 1222 1891 regionem
1260 1809 1662 1870 Oxidracarum

246 1891 666 1974 Mallorumque
689 1937 705 1962 ‚
741 1914 883 1973 quos
919 1894 1047 1952 alias
1079 1894 1283 1952 bellare
1303 1894 1460 1951 -inter
1488 1891 1541 1950 se
1581 1888 1690 1972 so·-⁴

247 1975 380 2033 litos
420 1996 556 2034 tunc
605 1974 835 2054 periculi
879 1972 1110 2033 societas
1156 1977 1433 2053 junxerat.
1475 1961 1690 2032 Nona-l

245 2058 401 2137 ginta
434 2056 903 2136 milliajuniorum
937 2055 1188 2136 peditum
1215 2058 1269 2114 in
1301 2057 1461 2115 armis
1484 2071 1662 2123 erant3

250 2158 457 2217 praeter
505 2141 608 2197 hos
655 2140 907 2219 equitum
954 2160 991 2196 x
1047 2137 1213 2197 millia
1265 2143 1690 2217 nongentaequ'e⁴

247 2219 556 2300 quadrigae.
594 2220 678 2278 At
716 2219 1061 2279 Macedones
1091 2262 1108 2288 ,
1155 2220 1250 2298 qui
1291 2223 1443 2277 omni
1485 2216 1690 2290 diserti-5

249 2303 397 2360 mine
428 2305 535 2381 jam
567 2299 859 2360 defunctos
887 2299 940 2360 se
970 2321 1085 2359 esse
1112 2299 1462 2358 crediderant
1485 2343 1498 2366 ,
1535 2294 1690 2378 post-7>

253 2405 422 2464 quam
443 2385 721 2460 integrum
747 2381 957 2440 bellum
980 2403 1107 2440 cum
1130 2378 1481 2439 ferocissimis
1502 2377 1686 2438 Indiae.

254 2465 521 2541 gentibus
569 2462 849 2543 superesse
893 2481 1289 2541 cognoverunt
1318 2505 1335 2530 ,
1379 2463 1667 2540 improviso

253 2567 412 2605 metu
445 2547 657 2613 territi,
699 2542 881 2602 rursus
913 2541 1179 2603 seditiosis
1219 2543 1455 2603 vocibus
1493 2560 1666 2621 regem

255 2634 540 2708 increpare
574 2645 888 2708 coeperunt.
922 2630 1139 2705 Gangen
1177 2645 1384 2680 amnem
1409 2666 1427 2692 ,
1473 2623 1534 2679 ὠ*
1572 2637 1664 2700 quae

259 2711 396 2767 ulem
424 2726 577 2767 essent
604 2752 621 2779 ,
660 2709 848 2768 comos
873 2708 1210 2766 transmittere
1236 2729 1257 2774 ,-
1296 2726 1394 2764 non
1420 2698 1666 2778 tamenfit
