1690 3067
234 112 329 159 324
507 96 1417 161 QUINTE-CURCE3

314 180 471 260 Ergo
498 179 790 239 ordinibus
816 179 1006 240 solutis
1032 200 1132 259 per
1155 199 1347 240 totum
1366 179 1570 240 saltum-
1587 203 1670 242 er·

231 260 554 321 rabundum
600 283 798 342 agmen
838 260 1165 335 ferebatur3
1208 262 1482 342 multique
1519 265 1678 344 prius

231 365 389 403 metu
409 387 425 412 ‚
468 365 635 423 quam
664 344 856 402 labore
887 341 1212 422 defatigati,
1257 342 1666 422 prostraverant

233 424 389 484 humi
413 446 653 505 corpora
676 469 690 494 ,
733 446 1052 505 quanquam
1079 424 1314 483 imbrem
1344 427 1426 484 vis
1452 423 1670 505 frigori-s

234 527 507 566 concreto
553 509 683 586 gelu
721 505 1103 566 adstrinxerat.
1150 505 1271 563 Alii
1305 504 1359 565 se
1398 505 1674 586 stipitibus

234 589 502 648 arborum
536 587 920 647 admoverant.
948 587 1022 646 Id
1060 587 1309 668 plurimi-s
1340 591 1398 647 &
1437 587 1690 646 admini-

234 669 423 728 culum
469 675 527 728 &
566 667 865 747 suffugium
897 689 1033 729 erat.
1082 671 1208 728 Nec
1251 667 1482 728 fallebat
1522 675 1690 749 ipsos-i

234 753 407 811 morti
446 750 637 810 locum
678 750 882 830 eligere
909 793 925 818 ,
964 773 1093 809 cum
1129 752 1445 811 immobiles
1489 751 1670 813 vitalis

237 833 393 892 calor
418 834 697 913 linqueret
721 853 733 890 :
770 831 864 891 sed
891 852 1048 912 grata
1076 852 1193 891 erat
1216 833 1434 912 pigritia
1461 854 1666 912 corpo-

235 936 360 972 rum
386 913 669 994 fatigatis;
702 935 804 974 nec
831 913 1162 974 recusabant
1200 915 1453 995 extingui
1486 913 1668 994 quies-

238 996 447 1055 cendo,
462 997 691 1075 Quippe
711 1016 823 1054 non
844 996 1145 1055 vehemens
1169 995 1340 1054 modo
1356 1039 1371 1066 ,
1393 994 1488 1054 fed
1510 1001 1668 1056 etiam

235 1080 496 1159 pertinax
521 1079 601 1138 vis
628 1077 756 1136 mali
777 1076 1057 1136 insistebat
1077 1098 1097 1149 3
1130 1077 1428 1157 lucemque
1454 1097 1666 1139 natura-

241 1160 293 1218 le
317 1159 572 1219 solatium
594 1179 796 1238 praeter
820 1157 1204 1238 tempestatem
1226 1159 1374 1217 haud
1401 1158 1668 1239 disparem

239 1243 427 1309 noeii,
474 1241 734 1301 silvarum
773 1262 999 1321 quoque
1044 1240 1240 1299 umbra
1279 1239 1664 1319 suppresserat.

240 1322 370 1382 Rex
394 1344 534 1381 unus
564 1324 703 1381 tanti
729 1322 857 1380 mali
891 1324 1105 1402 patiens
1128 1323 1417 1380 circumire
1441 1322 1663 1391 milites,

244 1405 574 1464 contrahere
602 1402 880 1481 dispersos
903 1447 917 1472 ‚
953 1403 1192 1463 allevare
1229 1401 1564 1482 prostratOS,
1589 1402 1663 1463 os·

243 1485 477 1545 tendere
516 1484 716 1565 procul
743 1485 1039 1544 evolutum
1064 1508 1132 1544 ex
1157 1486 1391 1564 tuguriis
1424 1482 1662 1556 fumum,

240 1569 564 1647 hortarique
592 1587 653 1625 ut
689 1568 941 1644 proxima
979 1589 1216 1647 quaeque
1240 1565 1473 1646 suffugia
1506 1589 1662 1626 occu-

242 1670 459 1729 parent.
490 1650 617 1709 Nec
651 1649 762 1707 ulla
801 1670 890 1707 -res
934 1650 1105 1729 magis
1141 1648 1299 1708 saluti
1335 1646 1479 1717 fuit,
1507 1670 1663 1729 quam

240 1730 398 1810 quod
427 1730 800 1810 multiplicato
837 1729 1030 1789 labore
1071 1729 1434 1789 sufficientem
1473 1730 1660 1798 maliS‚

240 1813 445 1892 quibus
466 1814 567 1890 ipsi
594 1831 871 1871 cesserant
893 1855 908 1880 ,
946 1834 1136 1891 regem
1163 1811 1416 1870 deserere
1450 1809 1660 1872 erubes-

242 1895 466 1954 cebant.
497 1894 769 1952 Ceterum
795 1892 1074 1953 efficacior
1094 1899 1148 1952 in
1175 1893 1420 1952 adversis
1443 1894 1660 1953 necessi-

243 1995 366 2044 tas,
405 1997 570 2055 quam
611 1975 753 2033 ratio
779 2019 793 2043 ,
833 1974 1052 2054 frigoris
1090 1974 1396 2034 remedium
1440 1976 1660 2035 invenit.

240 2057 513 2116 Dolabris
543 2058 690 2116 enim
711 2056 879 2116 silvas
901 2056 1137 2116 sternere
1164 2059 1408 2137 aggressi
1433 2099 1452 2125 ,
1477 2057 1659 2136 passim

242 2159 474 2199 acervos
496 2137 780 2217 struesque
803 2138 1204 2198 accenderunt.
1230 2139 1563 2198 Continenti
1582 2139 1658 2218 in-

243 2219 446 2280 cendio
489 2219 682 2279 ardere
724 2220 976 2279 crederes
1010 2220 1206 2279 saltum
1227 2232 1259 2289 ’,
1295 2223 1353 2280 ὅ(
1399 2225 1494 2281 vix
1530 2221 1658 2278 inter

242 2301 494 2361 flammas
520 2300 831 2380 agminibus
855 2302 1104 2360 relidium
1128 2302 1338 2361 locum.
1377 2303 1490 2361 Hic
1523 2302 1657 2360 calor

243 2382 520 2461 stupentia
570 2383 819 2441 membra
864 2389 1173 2446 commovit
1213 2428 1230 2452 ,
1293 2383 1677 2463 paulatimque,

240 2464 464 2543 spiritus
484 2506 501 2532 ,
537 2484 703 2544 quem
731 2465 1083 2525 continuerat
1112 2467 1265 2547 rigor
1283 2509 1301 2536 ,
1329 2487 1508 2526 meare
1531 2461 1690 2522 libe-'3

243 2568 301 2604 re
330 2546 523 2626 coepit.

327 2626 617 2700 Excepere
655 2625 792 2685 alios
829 2629 972 2688 testa
1011 2627 1413 2697 barbarorum,
1461 2647 1581 2707 quae
1610 2628 1654 2686 in

244 2707 442 2769 uitimo.
471 2706 610 2769 saltu
651 2709 841 2772 abdita
878 2712 1173 2787 necessitas
1206 2709 1653 2793 investigaverat}
