1690 3067
156 84 222 138 ss
380 85 1330 155 QUJNTE-CURCE3

156 193 373 233 tanturn
403 174 566 231 anini
597 171 787 234 fuisset
813 173 882 233 ad
903 174 1153 254 praelium
1173 220 1189 243 ‚
1219 193 1489 254 quantum
1511 170 1584 234 ad

155 255 512 334 parricidium
540 253 736 314 fuerat.
763 256 1023 336 Namque
1050 262 1106 314 δε
1128 277 1359 314 numero
1385 256 1586 314 barba-

155 337 202 393 ri
226 334 556 414 praestabant
575 380 591 406 ,
621 342 677 396 &
705 336 909 396 robore
936 359 946 393 :
985 337 1056 396 ad
1094 339 1201 395 hoc
1228 334 1415 396 refecii
1452 358 1585 396 cum

155 413 399 497 fatigatis
443 439 723 477 certamen
766 420 957 478 inituri
998 439 1172 478 erant.
1216 417 1330 476 Sed
1371 438 1578 477 nomen

155 497 470 558 Alexandri
499 542 514 567 ,
557 503 613 558 ὃ(
640 499 779 559 fama
806 544 822 567 ‚
862 502 1161 559 maximum
1190 504 1243 559 in
1280 499 1431 558 bello
1470 499 1581 557 uti-

157 601 268 657 que
301 601 647 639 momentum
669 623 683 648 ,
717 582 951 659 pavidos
976 584 1026 639 in
1057 580 1240 660 fugam
1279 581 1583 642 convertit.

156 659 363 720 Bessus
386 705 399 731 ,
435 665 490 720 ὅ(
516 663 686 720 ceteri
709 663 966 721 facinoris
993 666 1107 742 ejus
1136 664 1431 742 participes
1449 705 1462 728 ‚
1489 683 1584 721 ve-

155 741 405 802 hiculum
455 743 616 802 Darii
672 746 911 804 assecuti
941 787 957 813 ‚
1016 765 1309 823 coeperunt
1370 742 1588 801 hortari

157 845 325 892 eum,
361 842 416 878 ut
459 822 804 881 conscenderet
851 848 1035 903 equum
1073 869 1089 894 ,
1145 826 1207 881 &J
1239 830 1292 898 fe
1341 821 1462 898 hosti
1482 826 1581 900 fu-

147 925 223 984 ga
247 909 474 985 eriperet.
500 905 606 964 Ille
646 906 784 961 Deos
814 910 991 962 ultores
1024 906 1197 962 adesse
1218 904 1449 964 testatur
1476 947 1490 972 ,
1520 909 1580 963 δε

155 985 465 1042 Alexandri
474 987 639 1061 fidem
663 987 963 1068 implorans
986 1031 1002 1057 ,
1030 1007 1197 1067 negat
1219 1030 1239 1057 ,
1268 987 1322 1062 ft>
1338 989 1583 1068 [affrici--⁴

118 1086 120 1088 ·
159 1064 258 1123 dats
284 1069 422 1122 velle
446 1069 705 1127 comitari.

239 1147 391 1206 Tum
411 1171 546 1208 vero
568 1150 643 1208 ira
671 1172 897 1229 quoque
920 1149 1165 1216 accensi,
1192 1149 1299 1207 teia
1326 1149 1583 1228 injiciunt

156 1230 210 1288 in
256 1251 497 1309 regem3
544 1230 846 1310 multisque
889 1229 1214 1290 confossum
1255 1229 1585 1289 vulneribus

155 1310 500 1391 relinquunt.
524 1313 781 1371 Jumenta
806 1334 1034 1391 quoque
1055 1356 1070 1380 ,
1106 1334 1173 1370 ne
1197 1311 1420 1390 longius
1449 1333 1584 1391 pro-

155 1391 310 1472 sequi
338 1414 567 1472 possent
592 1437 606 1462 ,
648 1395 1167 1463 convulneranturg,
1209 1392 1431 1452 duobus
1467 1392 1586 1451 ser-

157 1478 241 1533 vis
267 1516 282 1542 ,
331 1476 428 1553 qui
471 1497 659 1554 regem
695 1476 1150 1543 comitabantur,
1194 1476 1408 1533 occisis.
1447 1475 1583 1532 Hoc

158 1554 316 1614 edito
346 1555 594 1617 facinore
615 1600 628 1620 ‚
672 1577 736 1615 ut
778 1554 1005 1635 vestigia
1046 1554 1192 1635 fugae
1222 1555 1541 1636 spargerent
1563 1597 1584 1624 ,

158 1634 519 1697 Nabarzanes
550 1638 893 1719 Hyrcaniam
917 1681 932 1706 ,
958 1639 1160 1696 Bessus
1189 1638 1383 1695 Baffiira
1402 1680 1417 1705 ,
1443 1659 1582 1715 pau-

156 1718 236 1775 cis
264 1723 515 1797 equitum
555 1722 951 1778 comitantibus
976 1763 990 1788 ‚
1028 1718 1330 1798 petebant:
1361 1719 1586 1777 barbari

157 1798 400 1858 ducibus
428 1800 710 1869 destituti,
752 1823 860 1880 qua
888 1822 1167 1879 quemque
1194 1821 1286 1858 aut
1320 1799 1439 1879 spes
1473 1798 1582 1857 du-

157 1879 322 1939 cebat
346 1926 359 1943 ‚
401 1902 496 1940 aut
533 1904 709 1960 pavor
733 1924 746 1949 ,
795 1881 1237 1960 dissipabantur:
1275 1901 1317 1938 D
1362 1901 1582 1939 tantum

155 1967 374 2039 equites
403 1983 884 2042 congregaverant
905 1963 954 2022 se
974 2008 988 2032 ‚
1017 1964 1212 2022 incerti
1239 1962 1420 2021 adhuc
1440 2005 1457 2031 ,
1488 1983 1586 2021 re·

156 2042 414 2103 sisterene
438 2044 633 2103 melius
668 2065 846 2114 esset,
881 2068 946 2103 an
978 2044 1190 2125 fugere.
1217 2043 1585 2113 Alexander,

156 2123 394 2183 hostium
444 2124 816 2205 trepidatione
863 2147 1147 2205 comperta
1174 2169 1188 2194 ,
1237 2125 1581 2184 Nicanorem

157 2227 288 2264 cum
316 2209 566 2284 equitum
592 2227 745 2285 parte
766 2206 833 2266 ad
853 2206 1206 2265 inhibendam
1234 2204 1422 2284 fugam
1447 2227 1590 2286 prae--

156 2287 367 2345 mittit:
408 2288 522 2366 ipse
563 2307 691 2346 cum
739 2291 935 2346 ceteris
975 2287 1240 2366 sequitur.
1289 2308 1369 2344 111
1408 2284 1585 2346 ferme

157 2366 326 2427 millia
366 2366 734 2428 resistentium
762 2370 943 2428 occisa
969 2368 1137 2443 sunt3
1171 2367 1448 2446 reliquum
1487 2390 1585 2448 ag-

157 2469 285 2508 men
325 2471 481 2508 more
517 2450 799 2528 pecudum
837 2452 1103 2510 intac‘him
1142 2449 1412 2528 agebatur
1437 2491 1452 2516 ,
1497 2454 1585 2527 ju-

158 2530 328 2588 bente
353 2552 483 2611 rege
500 2575 515 2600 ,
541 2549 595 2585 m
622 2529 834 2586 caedibus
865 2531 1217 2602 abstinentur,
1240 2532 1428 2588 Nemo
1452 2552 1584 2610 cap·

149 2612 404 2672 ‚tivorum
441 2633 557 2670 erat
578 2656 593 2680 ‚
636 2614 731 2692 qui
755 2612 1050 2672 monstrare
1074 2613 1232 2671 Darii
1262 2611 1583 2672 vehiculum

158 2712 392 2776 posset:
439 2692 689 2776 singuli,
744 2714 807 2754 ut
849 2716 1085 2777 quaeque
1132 2692 1538 2775 prebenderant
1561 2735 1585 2764 3,
