<?xml version="1.0" encoding="UTF-8"?>
<!DOCTYPE html PUBLIC "-//W3C//DTD XHTML 1.0 Transitional//EN"
    "http://www.w3.org/TR/xhtml1/DTD/xhtml1-transitional.dtd">
<html xmlns="http://www.w3.org/1999/xhtml" xml:lang="en" lang="en">
 <head>
  <title>
</title>
<meta http-equiv="Content-Type" content="text/html;charset=utf-8" />
  <meta name='ocr-system' content='tesseract 3.04.00' />
  <meta name='ocr-capabilities' content='ocr_page ocr_carea ocr_par ocr_line ocrx_word'/>
</head>
<body>
  <div class='ocr_page' id='page_1' title='image "./histoiredalexand02curt_0578.png"; bbox 0 0 1690 3067; ppageno 0'>
   <div class='ocr_carea' id='block_1_1' title="bbox 142 87 1673 2788">
    <p class='ocr_par' dir='ltr' id='par_1_1' title="bbox 155 87 1581 322">
     <span class='ocr_line' id='line_1_1' title="bbox 155 87 1445 162; baseline 0.002 -19"><span class='ocrx_word' id='word_1_1' title='bbox 155 87 255 160; x_wconf 65' lang='lat'>568</span> <span class='ocrx_word' id='word_1_2' title='bbox 446 88 1351 162; x_wconf 73' lang='lat' dir='ltr'><em>QUINTE-CURCE,</em></span> <span class='ocrx_word' id='word_1_3' title='bbox 1441 155 1445 159; x_wconf 85' lang='lat'>.</span> 
     </span>
     <span class='ocr_line' id='line_1_2' title="bbox 155 168 1581 260; baseline -0.001 -25"><span class='ocrx_word' id='word_1_4' title='bbox 155 175 447 238; x_wconf 81' lang='lat' dir='ltr'>ciliandam</span> <span class='ocrx_word' id='word_1_5' title='bbox 489 182 722 260; x_wconf 82' lang='lat' dir='ltr'>gratiam</span> <span class='ocrx_word' id='word_1_6' title='bbox 767 202 894 240; x_wconf 86' lang='lat' dir='ltr'>cum</span> <span class='ocrx_word' id='word_1_7' title='bbox 934 180 1238 251; x_wconf 78' lang='lat' dir='ltr'>Perdicca,</span> <span class='ocrx_word' id='word_1_8' title='bbox 1282 198 1378 239; x_wconf 84' lang='lat' dir='ltr'>aut</span> <span class='ocrx_word' id='word_1_9' title='bbox 1419 168 1581 237; x_wconf 79' lang='lat' dir='ltr'>armis</span> 
     </span>
     <span class='ocr_line' id='line_1_3' title="bbox 156 260 983 322; baseline 0.005 -4"><span class='ocrx_word' id='word_1_10' title='bbox 156 260 486 320; x_wconf 87' lang='lat' dir='ltr'>certandum</span> <span class='ocrx_word' id='word_1_11' title='bbox 511 284 626 321; x_wconf 87' lang='lat' dir='ltr'>esse</span> <span class='ocrx_word' id='word_1_12' title='bbox 661 262 983 322; x_wconf 72' lang='lat' dir='ltr'><strong>censebant.</strong></span> 
     </span>
    </p>

    <p class='ocr_par' dir='ltr' id='par_1_2' title="bbox 142 341 1673 2788">
     <span class='ocr_line' id='line_1_4' title="bbox 238 341 1581 423; baseline -0.001 -23"><span class='ocrx_word' id='word_1_13' title='bbox 238 343 412 401; x_wconf 77' lang='lat' dir='ltr'>Forte</span> <span class='ocrx_word' id='word_1_14' title='bbox 450 344 525 404; x_wconf 86' lang='lat' dir='ltr'>ita</span> <span class='ocrx_word' id='word_1_15' title='bbox 563 344 842 403; x_wconf 76' lang='lat' dir='ltr'>acciderat</span> <span class='ocrx_word' id='word_1_16' title='bbox 863 388 879 414; x_wconf 85' lang='lat'>,</span> <span class='ocrx_word' id='word_1_17' title='bbox 917 363 979 402; x_wconf 89' lang='lat' dir='ltr'>ut</span> <span class='ocrx_word' id='word_1_18' title='bbox 1007 341 1103 423; x_wconf 74' lang='lat' dir='ltr'>qui</span> <span class='ocrx_word' id='word_1_19' title='bbox 1127 343 1181 401; x_wconf 89' lang='lat' dir='ltr'>in</span> <span class='ocrx_word' id='word_1_20' title='bbox 1207 346 1352 421; x_wconf 78' lang='lat' dir='ltr'>agris</span> <span class='ocrx_word' id='word_1_21' title='bbox 1387 360 1540 400; x_wconf 84' lang='lat' dir='ltr'>erant</span> <span class='ocrx_word' id='word_1_22' title='bbox 1562 380 1581 411; x_wconf 85' lang='lat'><strong>,</strong></span> 
     </span>
     <span class='ocr_line' id='line_1_5' title="bbox 155 424 1581 505; baseline 0.004 -25"><span class='ocrx_word' id='word_1_23' title='bbox 155 424 583 504; x_wconf 73' lang='lat' dir='ltr'>populationem</span> <span class='ocrx_word' id='word_1_24' title='bbox 639 426 896 486; x_wconf 85' lang='lat' dir='ltr'>villarum</span> <span class='ocrx_word' id='word_1_25' title='bbox 940 426 1309 505; x_wconf 76' lang='lat' dir='ltr'>vicorumque</span> <span class='ocrx_word' id='word_1_26' title='bbox 1364 425 1581 486; x_wconf 76' lang='lat' dir='ltr'>veriti,</span> 
     </span>
     <span class='ocr_line' id='line_1_6' title="bbox 157 504 1581 587; baseline 0 -25"><span class='ocrx_word' id='word_1_27' title='bbox 157 504 530 585; x_wconf 82' lang='lat' dir='ltr'>confugerent</span> <span class='ocrx_word' id='word_1_28' title='bbox 561 508 613 565; x_wconf 90' lang='lat' dir='ltr'>in</span> <span class='ocrx_word' id='word_1_29' title='bbox 657 507 851 566; x_wconf 81' lang='lat' dir='ltr'>urbem</span> <span class='ocrx_word' id='word_1_30' title='bbox 881 528 893 564; x_wconf 90' lang='lat'>:</span> <span class='ocrx_word' id='word_1_31' title='bbox 928 506 1237 587; x_wconf 87' lang='lat' dir='ltr'>oppidani,</span> <span class='ocrx_word' id='word_1_32' title='bbox 1276 526 1406 566; x_wconf 86' lang='lat' dir='ltr'>cum</span> <span class='ocrx_word' id='word_1_33' title='bbox 1430 507 1581 584; x_wconf 81' lang='lat' dir='ltr'>ipsos</span> 
     </span>
     <span class='ocr_line' id='line_1_7' title="bbox 157 586 1582 657; baseline -0.001 -12"><span class='ocrx_word' id='word_1_34' title='bbox 157 586 420 647; x_wconf 77' lang='lat' dir='ltr'>alimenta</span> <span class='ocrx_word' id='word_1_35' title='bbox 444 587 785 657; x_wconf 67' lang='lat' dir='ltr'>deficerent,</span> <span class='ocrx_word' id='word_1_36' title='bbox 805 588 942 647; x_wconf 86' lang='lat' dir='ltr'>urbe</span> <span class='ocrx_word' id='word_1_37' title='bbox 965 587 1336 648; x_wconf 80' lang='lat' dir='ltr'>excederent:</span> <span class='ocrx_word' id='word_1_38' title='bbox 1361 592 1418 647; x_wconf 70' lang='grc' dir='ltr'>ὃς</span> <span class='ocrx_word' id='word_1_39' title='bbox 1449 588 1582 644; x_wconf 68' lang='lat' dir='ltr'>utri-2</span> 
     </span>
     <span class='ocr_line' id='line_1_8' title="bbox 159 667 1583 748; baseline 0 -22"><span class='ocrx_word' id='word_1_40' title='bbox 159 690 270 747; x_wconf 88' lang='lat' dir='ltr'>que</span> <span class='ocrx_word' id='word_1_41' title='bbox 299 671 490 748; x_wconf 84' lang='lat' dir='ltr'>generi</span> <span class='ocrx_word' id='word_1_42' title='bbox 526 672 703 729; x_wconf 85' lang='lat' dir='ltr'>tutior</span> <span class='ocrx_word' id='word_1_43' title='bbox 729 669 902 729; x_wconf 85' lang='lat' dir='ltr'>aliena</span> <span class='ocrx_word' id='word_1_44' title='bbox 933 669 1086 729; x_wconf 85' lang='lat' dir='ltr'>sedes</span> <span class='ocrx_word' id='word_1_45' title='bbox 1111 712 1127 737; x_wconf 85' lang='lat'><strong><em>,</em></strong></span> <span class='ocrx_word' id='word_1_46' title='bbox 1165 691 1331 748; x_wconf 85' lang='lat' dir='ltr'>quarn</span> <span class='ocrx_word' id='word_1_47' title='bbox 1366 667 1458 726; x_wconf 87' lang='lat' dir='ltr'>sua</span> <span class='ocrx_word' id='word_1_48' title='bbox 1494 672 1583 727; x_wconf 74' lang='lat' dir='ltr'>vi-</span> 
     </span>
     <span class='ocr_line' id='line_1_9' title="bbox 157 749 1583 823; baseline 0.002 -16"><span class='ocrx_word' id='word_1_49' title='bbox 157 749 405 808; x_wconf 86' lang='lat' dir='ltr'>deretur.</span> <span class='ocrx_word' id='word_1_50' title='bbox 425 751 683 823; x_wconf 85' lang='lat' dir='ltr'>Quorum</span> <span class='ocrx_word' id='word_1_51' title='bbox 710 749 1213 810; x_wconf 86' lang='lat' dir='ltr'>consternationem</span> <span class='ocrx_word' id='word_1_52' title='bbox 1238 749 1583 810; x_wconf 79' lang='lat' dir='ltr'>Macedones</span> 
     </span>
     <span class='ocr_line' id='line_1_10' title="bbox 156 830 1583 913; baseline -0.001 -23"><span class='ocrx_word' id='word_1_53' title='bbox 156 833 356 907; x_wconf 79' lang='lat' dir='ltr'>veriti,</span> <span class='ocrx_word' id='word_1_54' title='bbox 402 830 457 890; x_wconf 81' lang='lat' dir='ltr'>in</span> <span class='ocrx_word' id='word_1_55' title='bbox 497 834 704 913; x_wconf 80' lang='lat' dir='ltr'>regiam</span> <span class='ocrx_word' id='word_1_56' title='bbox 748 837 1006 907; x_wconf 78' lang='lat' dir='ltr'>co‘e&#39;unt3</span> <span class='ocrx_word' id='word_1_57' title='bbox 1051 853 1290 912; x_wconf 87' lang='lat' dir='ltr'>quaeque</span> <span class='ocrx_word' id='word_1_58' title='bbox 1331 833 1583 910; x_wconf 84' lang='lat' dir='ltr'>ipsorum</span> 
     </span>
     <span class='ocr_line' id='line_1_11' title="bbox 155 909 1611 995; baseline -0.003 -25"><span class='ocrx_word' id='word_1_59' title='bbox 155 909 424 973; x_wconf 77' lang='lat' dir='ltr'>sententia</span> <span class='ocrx_word' id='word_1_60' title='bbox 456 934 599 973; x_wconf 82' lang='lat' dir='ltr'>esset</span> <span class='ocrx_word' id='word_1_61' title='bbox 619 955 635 984; x_wconf 86' lang='grc'>,</span> <span class='ocrx_word' id='word_1_62' title='bbox 671 933 981 995; x_wconf 79' lang='lat' dir='ltr'>exponunt.</span> <span class='ocrx_word' id='word_1_63' title='bbox 1009 913 1275 973; x_wconf 81' lang='lat' dir='ltr'>Placebat</span> <span class='ocrx_word' id='word_1_64' title='bbox 1305 934 1491 972; x_wconf 84' lang='lat' dir='ltr'>autem</span> <span class='ocrx_word' id='word_1_65' title='bbox 1516 914 1611 979; x_wconf 23' lang='lat' dir='ltr'>le-r,</span> 
     </span>
     <span class='ocr_line' id='line_1_12' title="bbox 152 992 1581 1075; baseline -0.002 -25"><span class='ocrx_word' id='word_1_66' title='bbox 152 1012 299 1075; x_wconf 77' lang='lat' dir='ltr'>gatos</span> <span class='ocrx_word' id='word_1_67' title='bbox 323 992 400 1050; x_wconf 83' lang='lat' dir='ltr'>ad</span> <span class='ocrx_word' id='word_1_68' title='bbox 422 997 606 1073; x_wconf 76' lang='lat' dir='ltr'>equites</span> <span class='ocrx_word' id='word_1_69' title='bbox 632 999 770 1052; x_wconf 84' lang='lat' dir='ltr'>mitti</span> <span class='ocrx_word' id='word_1_70' title='bbox 802 994 864 1051; x_wconf 81' lang='lat' dir='ltr'>de</span> <span class='ocrx_word' id='word_1_71' title='bbox 878 995 1121 1071; x_wconf 83' lang='lat' dir='ltr'>finienda</span> <span class='ocrx_word' id='word_1_72' title='bbox 1153 993 1458 1069; x_wconf 64' lang='lat' dir='ltr'>discordia,</span> <span class='ocrx_word' id='word_1_73' title='bbox 1490 1014 1581 1049; x_wconf 61' lang='lat' dir='ltr'>ar&gt;-</span> 
     </span>
     <span class='ocr_line' id='line_1_13' title="bbox 160 1069 1580 1158; baseline 0.001 -26"><span class='ocrx_word' id='word_1_74' title='bbox 160 1078 355 1153; x_wconf 72' lang='lat' dir='ltr'>misque</span> <span class='ocrx_word' id='word_1_75' title='bbox 390 1075 655 1153; x_wconf 78' lang='lat' dir='ltr'>ponendis.</span> <span class='ocrx_word' id='word_1_76' title='bbox 693 1077 876 1157; x_wconf 84' lang='lat' dir='ltr'>Igitur</span> <span class='ocrx_word' id='word_1_77' title='bbox 917 1100 944 1136; x_wconf 87' lang='lat' dir='ltr'>a</span> <span class='ocrx_word' id='word_1_78' title='bbox 988 1098 1118 1158; x_wconf 86' lang='lat' dir='ltr'>rege</span> <span class='ocrx_word' id='word_1_79' title='bbox 1158 1069 1377 1156; x_wconf 84' lang='lat' dir='ltr'>legatur</span> <span class='ocrx_word' id='word_1_80' title='bbox 1414 1075 1580 1134; x_wconf 79' lang='lat' dir='ltr'>Pasas</span> 
     </span>
     <span class='ocr_line' id='line_1_14' title="bbox 158 1153 1584 1239; baseline 0.002 -26"><span class='ocrx_word' id='word_1_81' title='bbox 158 1153 458 1217; x_wconf 84' lang='lat' dir='ltr'>Thessalus</span> <span class='ocrx_word' id='word_1_82' title='bbox 482 1200 498 1226; x_wconf 93' lang='grc'>,</span> <span class='ocrx_word' id='word_1_83' title='bbox 546 1162 605 1218; x_wconf 85' lang='lat'>&amp;</span> <span class='ocrx_word' id='word_1_84' title='bbox 644 1159 893 1219; x_wconf 86' lang='lat' dir='ltr'>Amissas</span> <span class='ocrx_word' id='word_1_85' title='bbox 930 1158 1480 1239; x_wconf 80' lang='lat' dir='ltr'>MegalopolitanuS,</span> <span class='ocrx_word' id='word_1_86' title='bbox 1524 1160 1584 1216; x_wconf 83' lang='lat'>&amp;</span> 
     </span>
     <span class='ocr_line' id='line_1_15' title="bbox 158 1235 1582 1319; baseline 0 -23"><span class='ocrx_word' id='word_1_87' title='bbox 158 1235 440 1297; x_wconf 83' lang='lat' dir='ltr'>Perilaiis:</span> <span class='ocrx_word' id='word_1_88' title='bbox 475 1242 571 1319; x_wconf 87' lang='lat' dir='ltr'>qui</span> <span class='ocrx_word' id='word_1_89' title='bbox 607 1263 737 1301; x_wconf 88' lang='lat' dir='ltr'>cum</span> <span class='ocrx_word' id='word_1_90' title='bbox 775 1240 1031 1299; x_wconf 86' lang='lat' dir='ltr'>mandata</span> <span class='ocrx_word' id='word_1_91' title='bbox 1069 1244 1212 1319; x_wconf 80' lang='lat' dir='ltr'>regis</span> <span class='ocrx_word' id='word_1_92' title='bbox 1241 1238 1541 1298; x_wconf 78' lang='lat' dir='ltr'>edidissent</span> <span class='ocrx_word' id='word_1_93' title='bbox 1563 1280 1582 1308; x_wconf 85' lang='grc'>,</span> 
     </span>
     <span class='ocr_line' id='line_1_16' title="bbox 162 1323 1611 1400; baseline -0.002 -24"><span class='ocrx_word' id='word_1_94' title='bbox 162 1341 265 1376; x_wconf 83' lang='lat' dir='ltr'>non</span> <span class='ocrx_word' id='word_1_95' title='bbox 299 1323 453 1376; x_wconf 87' lang='lat' dir='ltr'>aliter</span> <span class='ocrx_word' id='word_1_96' title='bbox 482 1324 726 1400; x_wconf 84' lang='lat' dir='ltr'>posituros</span> <span class='ocrx_word' id='word_1_97' title='bbox 769 1343 925 1377; x_wconf 82' lang='lat' dir='ltr'>arma</span> <span class='ocrx_word' id='word_1_98' title='bbox 972 1324 1155 1399; x_wconf 74' lang='lat' dir='ltr'>equites</span> <span class='ocrx_word' id='word_1_99' title='bbox 1178 1363 1193 1389; x_wconf 88' lang='lat'>‚</span> <span class='ocrx_word' id='word_1_100' title='bbox 1230 1341 1389 1398; x_wconf 78' lang='lat' dir='ltr'>quam</span> <span class='ocrx_word' id='word_1_101' title='bbox 1422 1323 1464 1381; x_wconf 84' lang='lat' dir='ltr'>si</span> <span class='ocrx_word' id='word_1_102' title='bbox 1496 1339 1611 1373; x_wconf 77' lang='lat' dir='ltr'>rese-</span> 
     </span>
     <span class='ocr_line' id='line_1_17' title="bbox 157 1399 1580 1481; baseline 0.002 -24"><span class='ocrx_word' id='word_1_103' title='bbox 157 1399 414 1457; x_wconf 68' lang='lat' dir='ltr'>d‘iscordia</span> <span class='ocrx_word' id='word_1_104' title='bbox 439 1405 657 1460; x_wconf 63' lang='lat' dir='ltr'>aueiores</span> <span class='ocrx_word' id='word_1_105' title='bbox 683 1400 959 1459; x_wconf 82' lang='lat' dir='ltr'>dedidisset</span> <span class='ocrx_word' id='word_1_106' title='bbox 980 1445 996 1471; x_wconf 84' lang='lat'><em>,</em></span> <span class='ocrx_word' id='word_1_107' title='bbox 1028 1401 1208 1461; x_wconf 86' lang='lat' dir='ltr'>tulere</span> <span class='ocrx_word' id='word_1_108' title='bbox 1232 1421 1580 1481; x_wconf 86' lang='lat' dir='ltr'>responsum.</span> 
     </span>
     <span class='ocr_line' id='line_1_18' title="bbox 157 1483 1581 1560; baseline -0.001 -18"><span class='ocrx_word' id='word_1_109' title='bbox 157 1483 265 1543; x_wconf 84' lang='lat' dir='ltr'>His</span> <span class='ocrx_word' id='word_1_110' title='bbox 309 1484 634 1544; x_wconf 86' lang='lat' dir='ltr'>renuntiatis</span> <span class='ocrx_word' id='word_1_111' title='bbox 677 1483 769 1544; x_wconf 91' lang='lat' dir='ltr'>sua</span> <span class='ocrx_word' id='word_1_112' title='bbox 811 1483 1008 1560; x_wconf 86' lang='lat' dir='ltr'>sponte</span> <span class='ocrx_word' id='word_1_113' title='bbox 1051 1486 1251 1544; x_wconf 86' lang='lat' dir='ltr'>milites</span> <span class='ocrx_word' id='word_1_114' title='bbox 1298 1505 1445 1542; x_wconf 87' lang='lat' dir='ltr'>arma</span> <span class='ocrx_word' id='word_1_115' title='bbox 1490 1505 1581 1541; x_wconf 88' lang='lat' dir='ltr'>ca-</span> 
     </span>
     <span class='ocr_line' id='line_1_19' title="bbox 156 1564 1584 1646; baseline 0.001 -24"><span class='ocrx_word' id='word_1_116' title='bbox 156 1565 320 1644; x_wconf 84' lang='lat' dir='ltr'>piunt</span> <span class='ocrx_word' id='word_1_117' title='bbox 343 1608 360 1635; x_wconf 86' lang='lat'>‚</span> <span class='ocrx_word' id='word_1_118' title='bbox 393 1586 635 1645; x_wconf 88' lang='lat' dir='ltr'>quorum</span> <span class='ocrx_word' id='word_1_119' title='bbox 668 1566 915 1626; x_wconf 83' lang='lat' dir='ltr'>tumultu</span> <span class='ocrx_word' id='word_1_120' title='bbox 950 1588 978 1624; x_wconf 89' lang='lat' dir='ltr'>e</span> <span class='ocrx_word' id='word_1_121' title='bbox 1005 1568 1154 1646; x_wconf 87' lang='lat' dir='ltr'>regia</span> <span class='ocrx_word' id='word_1_122' title='bbox 1179 1564 1465 1645; x_wconf 82' lang='lat' dir='ltr'>Philippus</span> <span class='ocrx_word' id='word_1_123' title='bbox 1488 1587 1584 1624; x_wconf 74' lang='lat' dir='ltr'>ex-</span> 
     </span>
     <span class='ocr_line' id='line_1_20' title="bbox 159 1645 1582 1729; baseline -0.004 -24"><span class='ocrx_word' id='word_1_124' title='bbox 159 1652 345 1716; x_wconf 74' lang='lat' dir='ltr'>citUS,</span> <span class='ocrx_word' id='word_1_125' title='bbox 378 1647 577 1714; x_wconf 76' lang='lat' dir='ltr'>Nihil,</span> <span class='ocrx_word' id='word_1_126' title='bbox 613 1650 831 1729; x_wconf 82' lang='lat' dir='ltr'>inquit&gt;</span> <span class='ocrx_word' id='word_1_127' title='bbox 862 1645 1111 1723; x_wconf 72' lang='lat' dir='ltr'>seditione</span> <span class='ocrx_word' id='word_1_128' title='bbox 1148 1647 1206 1722; x_wconf 81' lang='lat' dir='ltr'>est</span> <span class='ocrx_word' id='word_1_129' title='bbox 1244 1666 1382 1728; x_wconf 84' lang='lat' dir='ltr'>opus.</span> <span class='ocrx_word' id='word_1_130' title='bbox 1423 1651 1582 1702; x_wconf 84' lang='lat' dir='ltr'>Nam</span> 
     </span>
     <span class='ocr_line' id='line_1_21' title="bbox 156 1728 1579 1811; baseline -0.001 -28"><span class='ocrx_word' id='word_1_131' title='bbox 156 1730 291 1784; x_wconf 82' lang='lat' dir='ltr'>inter</span> <span class='ocrx_word' id='word_1_132' title='bbox 306 1728 361 1802; x_wconf 74' lang='lat' dir='ltr'>se</span> <span class='ocrx_word' id='word_1_133' title='bbox 385 1732 698 1785; x_wconf 76' lang='lat' dir='ltr'>certantium</span> <span class='ocrx_word' id='word_1_134' title='bbox 717 1732 923 1811; x_wconf 58' lang='lat' dir='ltr'>praemia</span> <span class='ocrx_word' id='word_1_135' title='bbox 945 1771 962 1799; x_wconf 83' lang='lat'>‚</span> <span class='ocrx_word' id='word_1_136' title='bbox 997 1729 1088 1807; x_wconf 80' lang='lat' dir='ltr'>qui</span> <span class='ocrx_word' id='word_1_137' title='bbox 1118 1729 1412 1808; x_wconf 77' lang='lat' dir='ltr'>quieverint</span> <span class='ocrx_word' id='word_1_138' title='bbox 1433 1771 1450 1797; x_wconf 84' lang='lat'>,</span> <span class='ocrx_word' id='word_1_139' title='bbox 1493 1748 1579 1782; x_wconf 80' lang='lat' dir='ltr'>oc·-</span> 
     </span>
     <span class='ocr_line' id='line_1_22' title="bbox 160 1807 1581 1890; baseline -0.002 -25"><span class='ocrx_word' id='word_1_140' title='bbox 160 1807 440 1890; x_wconf 59' lang='lat' dir='ltr'>cufgabunt.</span> <span class='ocrx_word' id='word_1_141' title='bbox 485 1813 657 1867; x_wconf 74' lang='lat' dir='ltr'>Simul</span> <span class='ocrx_word' id='word_1_142' title='bbox 700 1828 995 1867; x_wconf 76' lang='lat' dir='ltr'>mementote</span> <span class='ocrx_word' id='word_1_143' title='bbox 1028 1832 1130 1867; x_wconf 85' lang='lat' dir='ltr'>rem</span> <span class='ocrx_word' id='word_1_144' title='bbox 1164 1830 1258 1866; x_wconf 89' lang='lat' dir='ltr'>esse</span> <span class='ocrx_word' id='word_1_145' title='bbox 1294 1831 1409 1865; x_wconf 81' lang='lat' dir='ltr'>eum</span> <span class='ocrx_word' id='word_1_146' title='bbox 1446 1811 1581 1864; x_wconf 76' lang='lat' dir='ltr'>eivi-</span> 
     </span>
     <span class='ocr_line' id='line_1_23' title="bbox 159 1888 1582 1973; baseline -0.003 -25"><span class='ocrx_word' id='word_1_147' title='bbox 159 1889 250 1948; x_wconf 81' lang='lat' dir='ltr'>bus</span> <span class='ocrx_word' id='word_1_148' title='bbox 272 1934 291 1961; x_wconf 83' lang='lat'>‚</span> <span class='ocrx_word' id='word_1_149' title='bbox 330 1889 514 1968; x_wconf 82' lang='lat' dir='ltr'>quihus</span> <span class='ocrx_word' id='word_1_150' title='bbox 527 1889 670 1972; x_wconf 68' lang='lat' dir='ltr'>spem</span> <span class='ocrx_word' id='word_1_151' title='bbox 686 1895 861 1973; x_wconf 75' lang='lat' dir='ltr'>gratia</span> <span class='ocrx_word' id='word_1_152' title='bbox 896 1900 991 1949; x_wconf 81' lang='lat' dir='ltr'>cito</span> <span class='ocrx_word' id='word_1_153' title='bbox 1028 1890 1341 1972; x_wconf 81' lang='lat' dir='ltr'>abrumpere</span> <span class='ocrx_word' id='word_1_154' title='bbox 1379 1888 1452 1946; x_wconf 80' lang='lat' dir='ltr'>ad</span> <span class='ocrx_word' id='word_1_155' title='bbox 1479 1889 1582 1946; x_wconf 82' lang='lat' dir='ltr'>bel-</span> 
     </span>
     <span class='ocr_line' id='line_1_24' title="bbox 160 1971 1584 2054; baseline -0.001 -27"><span class='ocrx_word' id='word_1_156' title='bbox 160 1975 271 2027; x_wconf 82' lang='lat' dir='ltr'>lum</span> <span class='ocrx_word' id='word_1_157' title='bbox 299 1973 454 2029; x_wconf 82' lang='lat' dir='ltr'>civile</span> <span class='ocrx_word' id='word_1_158' title='bbox 483 1976 864 2054; x_wconf 72' lang='lat' dir='ltr'>properantium</span> <span class='ocrx_word' id='word_1_159' title='bbox 900 1971 979 2050; x_wconf 81' lang='lat' dir='ltr'>est.</span> <span class='ocrx_word' id='word_1_160' title='bbox 1020 1975 1202 2029; x_wconf 84' lang='lat' dir='ltr'>Altera</span> <span class='ocrx_word' id='word_1_161' title='bbox 1240 1975 1488 2052; x_wconf 71' lang='lat' dir='ltr'>legatione</span> <span class='ocrx_word' id='word_1_162' title='bbox 1513 1993 1584 2026; x_wconf 86' lang='lat' dir='ltr'>an</span> 
     </span>
     <span class='ocr_line' id='line_1_25' title="bbox 159 2052 1581 2137; baseline -0.001 -28"><span class='ocrx_word' id='word_1_163' title='bbox 159 2055 399 2134; x_wconf 51' lang='lat' dir='ltr'>mitigari</span> <span class='ocrx_word' id='word_1_164' title='bbox 415 2058 603 2134; x_wconf 80' lang='lat' dir='ltr'>possint</span> <span class='ocrx_word' id='word_1_165' title='bbox 625 2097 643 2124; x_wconf 84' lang='lat'>,</span> <span class='ocrx_word' id='word_1_166' title='bbox 680 2056 1012 2137; x_wconf 81' lang='lat' dir='ltr'>experiamur</span> <span class='ocrx_word' id='word_1_167' title='bbox 1032 2079 1049 2108; x_wconf 87' lang='lat'>.·</span> <span class='ocrx_word' id='word_1_168' title='bbox 1086 2053 1149 2112; x_wconf 70' lang='lat'>&amp;⁶</span> <span class='ocrx_word' id='word_1_169' title='bbox 1173 2053 1316 2110; x_wconf 83' lang='lat' dir='ltr'>eredo</span> <span class='ocrx_word' id='word_1_170' title='bbox 1348 2052 1581 2109; x_wconf 83' lang='lat' dir='ltr'>nondum</span> 
     </span>
     <span class='ocr_line' id='line_1_26' title="bbox 160 2133 1581 2217; baseline 0 -27"><span class='ocrx_word' id='word_1_171' title='bbox 160 2137 285 2214; x_wconf 82' lang='lat' dir='ltr'>regis</span> <span class='ocrx_word' id='word_1_172' title='bbox 310 2153 518 2216; x_wconf 82' lang='lat' dir='ltr'>corpore</span> <span class='ocrx_word' id='word_1_173' title='bbox 532 2135 760 2216; x_wconf 82' lang='lat' dir='ltr'>sepulto,</span> <span class='ocrx_word' id='word_1_174' title='bbox 803 2134 878 2192; x_wconf 90' lang='lat' dir='ltr'>ad</span> <span class='ocrx_word' id='word_1_175' title='bbox 902 2133 1186 2217; x_wconf 66' lang='lat' dir='ltr'>praestanda</span> <span class='ocrx_word' id='word_1_176' title='bbox 1227 2139 1271 2191; x_wconf 89' lang='lat' dir='ltr'>ei</span> <span class='ocrx_word' id='word_1_177' title='bbox 1295 2134 1430 2211; x_wconf 83' lang='lat' dir='ltr'>justa</span> <span class='ocrx_word' id='word_1_178' title='bbox 1468 2156 1581 2190; x_wconf 77' lang='lat' dir='ltr'>on-</span> 
     </span>
     <span class='ocr_line' id='line_1_27' title="bbox 158 2213 1581 2287; baseline -0.001 -15"><span class='ocrx_word' id='word_1_179' title='bbox 158 2237 244 2272; x_wconf 87' lang='lat' dir='ltr'>nes</span> <span class='ocrx_word' id='word_1_180' title='bbox 282 2237 378 2272; x_wconf 89' lang='lat' dir='ltr'>esse</span> <span class='ocrx_word' id='word_1_181' title='bbox 413 2226 643 2273; x_wconf 65' lang='lat' dir='ltr'>coituros.</span> <span class='ocrx_word' id='word_1_182' title='bbox 680 2215 840 2287; x_wconf 76' lang='lat' dir='ltr'>Qod</span> <span class='ocrx_word' id='word_1_183' title='bbox 879 2215 954 2274; x_wconf 87' lang='lat' dir='ltr'>ad</span> <span class='ocrx_word' id='word_1_184' title='bbox 996 2239 1075 2273; x_wconf 85' lang='lat' dir='ltr'>me</span> <span class='ocrx_word' id='word_1_185' title='bbox 1109 2219 1330 2285; x_wconf 84' lang='lat' dir='ltr'>attinet,</span> <span class='ocrx_word' id='word_1_186' title='bbox 1369 2213 1581 2271; x_wconf 83' lang='lat' dir='ltr'>reddere</span> 
     </span>
     <span class='ocr_line' id='line_1_28' title="bbox 155 2295 1580 2376; baseline 0 -24"><span class='ocrx_word' id='word_1_187' title='bbox 155 2295 249 2353; x_wconf 88' lang='lat' dir='ltr'>hoc</span> <span class='ocrx_word' id='word_1_188' title='bbox 273 2298 553 2376; x_wconf 81' lang='lat' dir='ltr'>imperium</span> <span class='ocrx_word' id='word_1_189' title='bbox 580 2302 717 2355; x_wconf 86' lang='lat' dir='ltr'>malo</span> <span class='ocrx_word' id='word_1_190' title='bbox 738 2342 755 2368; x_wconf 82' lang='lat'><strong><em>,</em></strong></span> <span class='ocrx_word' id='word_1_191' title='bbox 798 2319 959 2375; x_wconf 84' lang='lat' dir='ltr'>quam</span> <span class='ocrx_word' id='word_1_192' title='bbox 983 2318 1200 2354; x_wconf 77' lang='lat' dir='ltr'>exercere</span> <span class='ocrx_word' id='word_1_193' title='bbox 1223 2300 1422 2353; x_wconf 85' lang='lat' dir='ltr'>civium</span> <span class='ocrx_word' id='word_1_194' title='bbox 1444 2297 1580 2371; x_wconf 85' lang='lat' dir='ltr'>san-</span> 
     </span>
     <span class='ocr_line' id='line_1_29' title="bbox 146 2375 1579 2460; baseline 0.001 -28"><span class='ocrx_word' id='word_1_195' title='bbox 146 2380 341 2458; x_wconf 76' lang='lat' dir='ltr'>guine:</span> <span class='ocrx_word' id='word_1_196' title='bbox 377 2376 441 2434; x_wconf 61' lang='lat'>63*</span> <span class='ocrx_word' id='word_1_197' title='bbox 479 2379 522 2434; x_wconf 87' lang='lat' dir='ltr'>si</span> <span class='ocrx_word' id='word_1_198' title='bbox 560 2381 709 2436; x_wconf 85' lang='lat' dir='ltr'>nulla</span> <span class='ocrx_word' id='word_1_199' title='bbox 751 2380 864 2436; x_wconf 87' lang='lat' dir='ltr'>alia</span> <span class='ocrx_word' id='word_1_200' title='bbox 909 2377 1184 2435; x_wconf 71' lang='lat' dir='ltr'>concordia</span> <span class='ocrx_word' id='word_1_201' title='bbox 1217 2377 1327 2460; x_wconf 80' lang='lat' dir='ltr'>spes</span> <span class='ocrx_word' id='word_1_202' title='bbox 1362 2375 1459 2448; x_wconf 72' lang='lat' dir='ltr'>cst,</span> <span class='ocrx_word' id='word_1_203' title='bbox 1502 2399 1579 2434; x_wconf 86' lang='lat' dir='ltr'>oro</span> 
     </span>
     <span class='ocr_line' id='line_1_30' title="bbox 157 2457 1619 2540; baseline 0.005 -27"><span class='ocrx_word' id='word_1_204' title='bbox 157 2480 413 2537; x_wconf 53' lang='lat' dir='ltr'>quaesoque</span> <span class='ocrx_word' id='word_1_205' title='bbox 433 2501 449 2527; x_wconf 90' lang='lat'><strong>,</strong></span> <span class='ocrx_word' id='word_1_206' title='bbox 493 2460 656 2540; x_wconf 74' lang='lat' dir='ltr'>eligite</span> <span class='ocrx_word' id='word_1_207' title='bbox 689 2462 956 2539; x_wconf 79' lang='lat' dir='ltr'>potiorem.</span> <span class='ocrx_word' id='word_1_208' title='bbox 999 2459 1241 2520; x_wconf 85' lang='lat' dir='ltr'>Obortis</span> <span class='ocrx_word' id='word_1_209' title='bbox 1270 2457 1470 2520; x_wconf 82' lang='lat' dir='ltr'>deinde</span> <span class='ocrx_word' id='word_1_210' title='bbox 1503 2459 1587 2519; x_wconf 64' lang='lat' dir='ltr'>la⁸&gt;</span> <span class='ocrx_word' id='word_1_211' title='bbox 1616 2517 1619 2521; x_wconf 83' lang='lat'>.</span> 
     </span>
     <span class='ocr_line' id='line_1_31' title="bbox 154 2538 1579 2621; baseline 0.002 -23"><span class='ocrx_word' id='word_1_212' title='bbox 154 2542 359 2621; x_wconf 86' lang='lat' dir='ltr'>crymis</span> <span class='ocrx_word' id='word_1_213' title='bbox 380 2538 632 2601; x_wconf 82' lang='lat' dir='ltr'>diadema</span> <span class='ocrx_word' id='word_1_214' title='bbox 660 2542 902 2621; x_wconf 86' lang='lat' dir='ltr'>detrahit</span> <span class='ocrx_word' id='word_1_215' title='bbox 923 2543 1090 2621; x_wconf 86' lang='lat' dir='ltr'>capiti</span> <span class='ocrx_word' id='word_1_216' title='bbox 1110 2563 1128 2613; x_wconf 82' lang='lat'>3</span> <span class='ocrx_word' id='word_1_217' title='bbox 1156 2541 1408 2613; x_wconf 80' lang='lat' dir='ltr'>dextram</span> <span class='ocrx_word' id='word_1_218' title='bbox 1426 2584 1441 2609; x_wconf 85' lang='lat'><strong>,</strong></span> <span class='ocrx_word' id='word_1_219' title='bbox 1470 2563 1579 2620; x_wconf 85' lang='lat' dir='ltr'>qua</span> 
     </span>
     <span class='ocr_line' id='line_1_32' title="bbox 150 2620 1673 2702; baseline -0.003 -21"><span class='ocrx_word' id='word_1_220' title='bbox 150 2620 210 2681; x_wconf 85' lang='lat' dir='ltr'>id</span> <span class='ocrx_word' id='word_1_221' title='bbox 236 2621 491 2691; x_wconf 82' lang='lat' dir='ltr'>tenebat,</span> <span class='ocrx_word' id='word_1_222' title='bbox 521 2624 864 2702; x_wconf 87' lang='lat' dir='ltr'>protendens</span> <span class='ocrx_word' id='word_1_223' title='bbox 888 2666 904 2693; x_wconf 89' lang='lat'><strong><em>,</em></strong></span> <span class='ocrx_word' id='word_1_224' title='bbox 931 2643 994 2682; x_wconf 86' lang='lat' dir='ltr'>ut</span> <span class='ocrx_word' id='word_1_225' title='bbox 1025 2625 1068 2678; x_wconf 91' lang='lat' dir='ltr'>si</span> <span class='ocrx_word' id='word_1_226' title='bbox 1088 2624 1270 2700; x_wconf 68' lang='lat' dir='ltr'>quisse</span> <span class='ocrx_word' id='word_1_227' title='bbox 1295 2622 1576 2701; x_wconf 63' lang='lat' dir='ltr'>digniorem</span> <span class='ocrx_word' id='word_1_228' title='bbox 1617 2685 1620 2689; x_wconf 89' lang='lat'><em>.</em></span> <span class='ocrx_word' id='word_1_229' title='bbox 1669 2685 1673 2689; x_wconf 47' lang='grc'><em>,</em></span> 
     </span>
     <span class='ocr_line' id='line_1_33' title="bbox 142 2703 1578 2788; baseline 0.003 -32"><span class='ocrx_word' id='word_1_230' title='bbox 142 2704 440 2783; x_wconf 70' lang='lat' dir='ltr'>prcfitetur,</span> <span class='ocrx_word' id='word_1_231' title='bbox 477 2707 734 2788; x_wconf 55' lang='lat' dir='ltr'>acciperet⁸</span> <span class='ocrx_word' id='word_1_232' title='bbox 767 2703 1066 2787; x_wconf 83' lang='lat' dir='ltr'>Ingentem</span> <span class='ocrx_word' id='word_1_233' title='bbox 1088 2703 1238 2787; x_wconf 84' lang='lat' dir='ltr'>spem</span> <span class='ocrx_word' id='word_1_234' title='bbox 1262 2703 1463 2781; x_wconf 82' lang='lat' dir='ltr'>indolis</span> <span class='ocrx_word' id='word_1_235' title='bbox 1485 2725 1578 2774; x_wconf 52' lang='lat' dir='ltr'>anf</span> 
     </span>
    </p>
   </div>
  </div>
 </body>
</html>
