1690 3067
231 77 496 128 LJVRE
535 81 590 127 V.
626 76 1089 132 CHAPITRE
1122 86 1219 137 VJ.
1367 105 1424 157 51

8 183 127 222 tum
161 180 276 220 erat
298 203 313 229 ,
367 182 469 220 nec
504 162 785 242 integrum
823 163 1106 227 ferebatur
1132 192 1151 241 3
1191 171 1430 254 abrupta

6 243 470 304 simulachrorum
510 242 756 304 membra
791 288 810 316 ‚
848 266 911 307 ut
958 251 1190 332 quisque
1228 257 1431 323 avelle-e

11 345 130 395 rat,
158 323 434 400 trahebat.

60 631 66 634 ,
95 567 298 648 Neque
323 569 548 632 avaritia
577 571 754 631 solum
776 614 794 641 ,
830 570 924 632 sed
946 579 1112 638 etiam
1136 578 1436 643 crudelitas

14 647 69 707 in
106 669 266 728 capta
303 652 441 713 urbe
474 674 723 733 grassata
765 653 877 716 est:
919 680 1054 717 auro
1090 682 1439 744 argentoque

17 728 195 790 onusti
220 733 346 793 vilia
376 738 730 814 captivorum
768 758 1006 817 corpora
1040 743 1440 819 trucidabant3

18 815 329 894 passimque
353 815 508 877 obvii
529 817 889 878 caedebantur
910 865 927 890 ,
966 843 1109 900 quos
1137 845 1295 886 antea
1317 850 1444 907 pre-=

19 896 159 957 tium
197 893 276 954 sui
307 898 642 959 miserabiles
673 899 896 960 fecerat.
933 902 1103 963 Multi
1141 929 1277 987 ergo
1312 909 1443 968 hos-

19 977 159 1034 tium
185 997 376 1037 manus
410 979 723 1041 voluntaria
763 1003 942 1043 morte
973 1006 1443 1066 occupaverunt3

21 1060 415 1135 pretiosissima
438 1059 666 1121 vestium
690 1062 902 1133 induti,
939 1089 967 1125 e
994 1072 1162 1127 muris
1186 1070 1444 1152 semetip-

19 1137 105 1196 sos
142 1160 265 1198 cum
297 1143 629 1222 conjugibus
667 1167 731 1203 ac
765 1144 951 1206 liberis
976 1149 1029 1207 in
1060 1171 1308 1232 praeceps
1334 1158 1446 1233 jac-

22 1240 223 1279 tantes,
251 1221 497 1294 Quidam
527 1227 681 1304 ignes
704 1270 721 1295 ‚
757 1228 911 1306 quod
935 1234 1103 1309 paulo
1126 1234 1249 1312 post
1271 1233 1446 1295 {actuw

22 1321 112 1359 rus
146 1301 310 1361 hostis
347 1304 643 1366 videbatur
669 1351 685 1377 ,
723 1307 1073 1388 subjecerant
1099 1316 1311 1378 aedibus
1332 1362 1350 1388 ,
1383 1339 1448 1377 ut

22 1405 152 1443 ..cum
194 1382 299 1441 suis
337 1388 451 1445 vivi
489 1409 887 1451 cremarentur.
924 1392 1183 1460 Tandem
1205 1399 1314 1473 suis
1347 1422 1449 1460 rex:

26 1463 319 1544 corporibus
337 1509 355 1535 ,
394 1467 457 1524 (ff
484 1472 626 1526 cultu
645 1473 979 1546 feminarum
1002 1475 1240 1550 abstinere
1268 1483 1447 1557 jussit.

23 1543 229 1625 Ingens
254 1549 504 1627 pecuniae
535 1554 771 1630 captivae
805 1554 1006 1616 modus
1030 1559 1300 1631 traditur,
1321 1585 1449 1642 prov

25 1648 94 1706 pe
120 1645 182 1685 ut
211 1626 378 1688 fidem
414 1632 668 1694 excedat.
709 1635 979 1696 Ceterum
1014 1683 1031 1708 ‚
1081 1660 1177 1699 aut
1221 1642 1290 1702 de
1331 1645 1450 1705 aliis

26 1729 254 1788 quoque
298 1709 616 1772 dubitamus
642 1736 662 1787 3
713 1737 808 1776 aut
844 1720 1121 1780 credimus
1143 1765 1162 1791 ,
1198 1726 1252 1781 in
1285 1725 1450 1807 hujus

0 1789 176 1848 *urbis
210 1813 348 1871 gaza
381 1791 546 1855 fuisse
591 1815 626 1854 C
676 1802 733 1856 &
766 1820 844 1858 xx
886 1801 1055 1862 millia
1085 1803 1332 1866 talenta:
1376 1809 1448 1871 ad

24 1892 147 1950 quae
181 1873 431 1940 vehenda
479 1880 504 1950 (
546 1898 783 1958 namque
822 1883 889 1941 ad
923 1905 1051 1943 usus
1081 1886 1216 1946 belli
1257 1887 1447 1952 secum

25 1972 246 2031 portare
275 1954 639 2035 decreverat)
667 1964 912 2038 jumenta
938 1968 995 2023 &
1026 1967 1267 2028 camelos
1295 1994 1323 2029 a
1344 1973 1448 2032 Su·-

28 2035 98 2106 sis
125 2037 182 2092 &
209 2036 504 2119 Babylone
536 2044 788 2100 contrahi
811 2046 988 2122 jussit.
1025 2047 1342 2111 Accessere
1374 2053 1446 2113 ad

27 2114 453 2195 hancjpecuniae
488 2119 753 2184 summam
795 2128 969 2208 captis
995 2128 1318 2211 Persagadis
1353 2134 1449 2196 sex

26 2196 192 2256 millia
223 2198 581 2259 talentorum.
758 2265 761 2268 ,

76 2340 81 2346 ,
131 2279 317 2358 Cyrus
365 2283 738 2364 Persagadum
805 2288 1000 2348 urbem
1064 2292 1394 2357 condiderat
1426 2310 1449 2369 ξ

28 2380 192 2438 quam
219 2360 548 2422 Alexandro
588 2366 877 2444 praefectus
910 2374 1025 2450 ejus
1050 2375 1306 2437 Gobares
1328 2398 1447 2440 tra-

28 2438 192 2499 didit.
246 2440 372 2511 Rex
420 2468 600 2506 arcem
645 2449 957 2528 Persepolis
989 2497 1006 2521 ‚
1048 2477 1153 2513 111
1199 2458 1444 2523 millibus

32 2519 409 2582 Macedonum
457 2530 714 2604 praesidio
758 2533 957 2596 relictis
991 2577 1007 2602 ‚
1054 2537 1444 2607 Nicarthidem

27 2608 175 2662 tueri
198 2603 355 2681 jubet
378 2626 390 2664 :
425 2605 686 2688 Tyridati
711 2633 968 2693 quoque,
998 2619 1092 2696 qui
1116 2641 1309 2698 gazam
1335 2643 1442 2688 tra-³

33 2681 247 2755 diderat
266 2728 285 2759 ,
320 2684 563 2756 servatus
588 2691 661 2752 est
691 2693 870 2756 honos
892 2738 910 2770 ,
951 2720 1116 2780 quem
1155 2702 1301 2783 apud
1326 2703 1444 2769 Dav·

1200 2800 1292 2873 ΕΞ)
