1690 3067
210 75 308 146 516
484 81 1389 147 QUINTE-CURCE3

206 191 243 216 :o
270 162 471 224 Subest
497 166 754 225 nimirum
790 166 954 228 altius
981 167 1188 228 malum
1209 211 1226 238 ‚
1264 167 1422 250 quod
1447 157 1672 258 omnes}

207 273 245 298 ω
272 252 475 307 avertit
500 271 527 308 a
554 271 661 308 me.
699 249 948 322 Quando
972 251 1117 309 enim
1137 272 1325 331 regem
1357 253 1673 330 universus}⁴

208 332 549 391 mexercitus
599 330 844 391 deseruit
884 330 907 389 ἓ
959 352 1027 391 ne
1070 331 1212 394 servi
1254 332 1482 413 quidem
1530 335 1673 401 unos&

207 437 247 466 :n
274 433 447 492 grege
483 411 815 494 profugiunt
851 413 1150 484 dominos3
1187 414 1283 475 sed
1315 413 1392 473 est
1415 401 1672 496 quidam?

205 520 244 546 :n
271 495 324 550 in
348 494 454 553 illis
476 495 662 575 pudor
688 518 714 554 a
736 498 936 555 ceteris
957 495 1251 557 destitutos
1272 496 1644 577 relinquendi.
1658 493 1681 578 {3

207 602 245 628 πο
274 574 492 637 Verum
512 600 620 658 ego
643 597 758 637 tam
779 576 999 637 furiosae
1026 577 1489 640 consternationis
1508 578 1668 639 obli-³

207 685 246 712 ω
272 678 361 717 tus
405 659 649 719 remedia
699 661 1094 721 insanabilibus
1136 684 1316 721 conor
1357 660 1647 722 adhiberer

208 766 247 794 ao
276 741 524 801 Omnem
550 743 775 801 hercule
801 741 951 822 spem
974 786 989 812 ,
1019 765 1185 824 quam
1215 766 1284 802 ex
1308 745 1472 803 vobis
1506 764 1661 807 conr

210 849 247 875 πο
276 846 536 903 ceperam
558 868 575 895 ,
628 822 835 884 damno
861 845 879 895 3
934 847 1037 885 nec
1086 846 1149 884 ut
1195 848 1322 884 cum
1371 825 1641 886 militibus

210 932 247 959 πο
275 908 411 965 meis
437 950 453 975 ‚
491 910 600 986 jam
639 908 786 966 enim
825 929 940 966 esse
978 905 1284 976 destitistis,
1312 907 1406 966 sed
1431 928 1492 966 ut
1514 929 1641 967 cum

210 1016 247 1042 :n
276 990 658 1069 ingratissimis
685 1009 947 1069 oportet,
976 1012 1139 1068 agere
1167 989 1410 1050 decrevi.
1440 991 1647 1050 Secun-
1689 1059 1690 1065 ¹

207 1098 245 1123 ω
271 1070 354 1130 dis
391 1071 558 1130 rebus
580 1116 596 1142 ‚
624 1093 750 1152 quae
794 1071 1192 1133 circumfluunt
1217 1093 1322 1133 vos
1348 1114 1366 1140 ,
1405 1073 1640 1134 insanire

209 1180 246 1206 σο
276 1152 510 1232 caepistis
536 1175 548 1212 :
587 1155 752 1213 obliti
782 1152 949 1213 status
973 1157 1088 1233 ejus
1117 1197 1133 1222 ,
1171 1176 1338 1234 quem
1365 1153 1642 1215 beneficio

210 1262 248 1288 :s
277 1234 497 1296 exuistis
539 1259 687 1296 meO.
736 1235 916 1316 Digni
951 1237 1178 1294 hercule
1226 1238 1320 1315 qui
1351 1238 1404 1293 in
1440 1236 1640 1298 eod-em

210 1323 687 1378 mconsenescatis
727 1341 747 1391 3
794 1320 1059 1396 quoniam
1109 1316 1322 1376 facilius
1363 1317 1438 1376 est
1481 1319 1642 1379 vobis

207 1427 245 1453 πο
274 1399 562 1461 adversam
580 1445 597 1471 ‚
621 1422 786 1481 quam
805 1398 1104 1459 secundam
1127 1421 1320 1480 regere
1340 1395 1639 1461 fortunam.

207 1510 245 1537 :o
274 1479 362 1542 En
389 1482 649 1542 tandem!
684 1481 1012 1564 lllyriorum
1045 1481 1214 1562 paulo
1241 1502 1367 1542 ante
1389 1527 1406 1553 ,
1435 1487 1492 1543 &3
1517 1483 1641 1543 Per-

209 1593 248 1618 :n
276 1587 457 1624 sarum
481 1564 785 1624 tributariis
811 1566 946 1623 Asia
967 1608 983 1633 ‚
1015 1568 1073 1624 &
1106 1584 1196 1623 tot
1221 1567 1474 1644 gentium
1509 1564 1638 1645 spo·
1671 1624 1675 1628 .

206 1675 244 1703 :0
267 1648 339 1707 lia
373 1644 591 1706 fastidio
613 1646 758 1705 sunt.
789 1646 972 1705 Modo
997 1646 1096 1704 sub
1119 1646 1377 1726 Philippo
1406 1647 1658 1706 seminum

205 1757 242 1784 :a
269 1729 352 1788 dis
373 1772 389 1798 ,
429 1728 666 1788 amicula
692 1751 761 1787 ex
786 1750 1033 1808 purpura
1056 1728 1322 1799 sordent3
1361 1752 1554 1790 aurum
1578 1733 1635 1790 &
1675 1730 1678 1732 ’

208 1840 245 1867 ³0
272 1830 565 1891 argentum
604 1811 758 1870 oculi
794 1809 936 1870 ferre
975 1833 1089 1870 non
1129 1832 1364 1890 possunt
1399 1836 1413 1873 :
1458 1813 1636 1892 lignea

207 1923 245 1947 :n
269 1896 416 1952 enim
441 1915 566 1953 vasa
602 1892 922 1953 desiderant
943 1935 959 1960 ,
995 1896 1052 1952 &
1077 1915 1144 1953 ex
1171 1894 1413 1953 cratibus
1445 1892 1597 1953 scuta
1614 1937 1632 1964 ‚

207 2006 246 2030 ω
273 1975 707 2054 rubiginemque
739 1974 1073 2054 gladiorum.
1112 1975 1247 2035 Hoc
1273 1976 1432 2034 cultu
1464 1978 1636 2036 niten-

206 2085 247 2112 ω
272 2076 357 2116 tes
388 2078 493 2117 vos
539 2057 777 2135 accepi,
820 2061 877 2115 δε
916 2058 1220 2137 quingenta
1261 2057 1470 2117 talenta
1515 2059 1634 2118 aeris

209 2167 247 2193 ω
272 2138 468 2200 alieni:
496 2161 625 2197 cum
657 2143 836 2197 omnis
867 2143 1016 2217 regia
1058 2137 1306 2219 supele
1344 2138 1493 2199 haud
1530 2163 1648 2209 ain-7

208 2249 246 2275 a>
271 2221 417 2302 plius
438 2243 604 2300 quam
622 2218 900 2299 sexaginta
927 2222 1261 2280 talentorum
1286 2241 1430 2281 esset
1447 2265 1463 2290 ,
1486 2221 1633 2282 meo-

207 2331 245 2358 m
271 2324 396 2360 rum
448 2323 682 2381 operum
726 2300 1107 2361 fundamenta.
1161 2303 1386 2376 Quibus
1444 2323 1628 2364 tamen

209 2413 246 2439 a>
277 2384 464 2459 (absit
494 2383 746 2459 invidia)
772 2384 1061 2461 imperium
1089 2387 1340 2444 maximae
1366 2404 1630 2445 terrarum

209 2494 246 2520 :0
270 2467 441 2545 partis
472 2465 730 2543 imposui.
758 2466 982 2524 Asiaene
1016 2486 1313 2546 pertaesum
1348 2466 1424 2526 est
1446 2510 1464 2536 ,
1510 2487 1629 2547 quae

208 2577 246 2602 ω
274 2568 376 2606 vos
406 2545 583 2627 gloria
615 2568 796 2606 rerum
829 2545 1102 2628 gestarum
1127 2549 1253 2609 Diis
1281 2571 1437 2629 pares
1458 2544 1630 2608 fecit?

208 2658 245 2684 ω
268 2630 322 2688 in
375 2629 661 2709 Europam
704 2630 782 2691 ire
831 2633 1141 2709 properatis
1191 2653 1320 2712 rege
1366 2631 1589 2690 deserto
1606 2647 1628 2699 ,·

205 2739 242 2781 :sc
269 2733 397 2773 cum
434 2710 688 2794 pluribus
723 2709 962 2778 vestrum
1007 2711 1330 2796 defuturum
1362 2714 1623 2789 viaticum
