1690 3067
216 89 478 154 zJVRE
517 91 610 153 VI.
653 89 1110 151 CHAPJ‘TRE
1166 93 1223 154 V.
1362 108 1455 164 127

34 186 330 268 tinguitur.
358 185 494 246 Xxx
526 187 656 247 hinc
686 182 855 246 stadia
896 199 1245 265 processerat
1264 205 1284 257 3
1324 199 1456 246 cum

31 269 472 348 Phrataphernes
497 270 546 329 ei
579 270 824 328 occurrit
846 310 862 336 ,
897 266 1064 347 seque
1091 270 1149 327 &
1184 286 1313 336 θος,
1355 267 1454 347 qui

32 349 157 430 post
182 350 342 410 Darii
367 369 602 409 mortem
638 348 1031 429 profugerant,
1057 347 1295 407 dedens:
1325 351 1456 428 qui-

33 433 138 491 bus
163 432 402 512 benigne
436 434 683 512 exceptis
714 431 785 490 ad
822 426 1094 510 oppidum
1120 429 1306 489 Arvas
1331 450 1457 508 per-

31 515 203 572 venit.
234 514 350 573 Hic
384 515 433 571 ei
458 513 726 573 Craterus
759 517 816 573 &
841 512 1083 593 Erygius
1121 530 1451 570 occurrunt.

24 592 356 654 Praefectum
382 593 742 675 Tapurorum
782 597 961 674 gentis
997 593 1310 652 Phradaten
1350 591 1455 650 ad-

30 676 322 737 duxerant.
348 676 461 736 Hic
488 698 716 756 quoque
739 680 796 735 in
820 674 992 734 fidem
1027 695 1284 754 receptus
1309 673 1452 732 mul-3

27 759 97 816 tis
126 756 386 838 exemplo
410 756 515 816 fuit
539 756 862 837 experiendi
894 756 1244 815 clementiam
1278 756 1452 833 regiS.

27 840 318 918 Satrapem
359 839 560 900 deinde
594 839 896 920 Hyrcaniae
928 836 1085 897 dedit
1121 838 1407 915 Menapim
1432 856 1452 895 ε

26 922 156 980 exul
179 921 268 980 hic
308 941 574 1002 regnante
602 921 773 980 Ocho
800 919 868 979 ad
893 920 1210 998 Philippum
1242 939 1455 997 perire-22¹

25 1021 203 1060 nerat.
241 1001 599 1083 Tapurorum
642 1023 870 1082 quoque
913 1020 1139 1081 gentem
1184 999 1450 1060 Phradati

24 1082 291 1143 reddidit.

112 1164 219 1223 CA
239 1183 295 1224 P.
328 1162 405 1224 V.
440 1163 675 1245 Jamque
702 1183 802 1222 rex
822 1163 1016 1224 ultima
1036 1164 1344 1244 Hyrcaniae
1368 1163 1455 1220 in-ss‘

23 1263 268 1307 traverat
289 1289 307 1316 ‚
348 1267 478 1304 cum
500 1245 822 1305 Artabazus
845 1249 871 1321 (
894 1268 1060 1327 quem
1086 1246 1264 1305 Dario
1289 1243 1450 1303 fidis-

25 1328 222 1386 simum
249 1326 415 1387 fuisse
439 1325 601 1405 supra
638 1327 920 1406 diximus)
958 1350 1086 1388 cum
1119 1327 1450 1407 propinquis

24 1406 219 1480 Darii,
247 1432 311 1469 ac
344 1407 451 1469 suis
474 1408 660 1469 liberis
681 1452 699 1479 ‚
733 1408 1070 1490 modicaque
1111 1412 1450 1470 Graecorum

24 1491 262 1551 militum
291 1512 455 1551 manu
485 1493 751 1550 occurrit.
780 1491 1058 1552 Dextram
1079 1494 1326 1554 venienti
1348 1492 1452 1550 ob-

20 1571 153 1631 tulit
178 1594 277 1632 rex
299 1595 317 1647 3
360 1577 572 1654 quippe
607 1578 666 1633 &
704 1574 905 1654 hospes
944 1572 1185 1656 Philippi
1224 1572 1445 1646 fuerat,

24 1675 150 1713 cum
187 1654 360 1712 Ocho
392 1674 658 1734 regnante
690 1655 976 1726 exuluret‚
1015 1659 1075 1716 &
1103 1656 1329 1736 hospitii
1355 1661 1448 1736 pie

21 1755 196 1814 gnora
230 1737 285 1794 in
315 1756 504 1816 regem
541 1735 696 1795 suum
734 1736 805 1798 ad
835 1737 1095 1798 ultimum
1122 1737 1263 1799 fides
1297 1752 1449 1799 con-i

19 1815 232 1878 servata
255 1818 535 1879 vincebat.
561 1819 819 1879 Comiter
841 1820 1011 1900 igitur
1031 1840 1301 1901 exceptus
1319 1864 1336 1891 ,
1360 1822 1447 1877 Tm

32 1897 244 1977 quidem
265 1942 282 1967 ,
317 1901 498 1980 inquit
519 1942 536 1971 ,
560 1921 648 1956 rex
681 1918 929 1982 perpetua
960 1902 1214 1978 felicitate
1235 1901 1444 1979 floreas.

21 1985 131 2058 Ego
156 1981 327 2036 ceteris
356 1982 492 2037 laetus
511 2025 530 2051 ,
564 1980 656 2038 hoc
691 2004 790 2038 uno
824 1999 1092 2062 torqueor,
1117 1982 1256 2062 quod
1268 1986 1443 2064 prceciu

16 2061 375 2140 pitifinecslnte
392 2105 412 2132 ,
452 2063 545 2119 din
564 2065 688 2139 frui
720 2080 813 2120 tna
851 2062 1074 2120 bonitate
1097 2085 1198 2120 non
1216 2082 1444 2145 possum.

22 2141 464 2223 Nonagesimum
493 2147 551 2204 &
576 2146 830 2224 quintum
854 2166 1057 2206 annum
1077 2146 1297 2226 agebat.
1323 2146 1446 2219 No·-

22 2245 147 2285 vem
179 2226 448 2304 juvenes,
503 2227 699 2287 eadem
739 2244 916 2289 matre
962 2231 1178 2309 geniti,
1224 2247 1443 2308 patrem

20 2304 433 2366 comitabantur
472 2328 485 2366 :
535 2309 637 2367 hos
676 2307 998 2368 Artabazus
1044 2308 1257 2370 dextrae
1289 2315 1440 2391 regis

21 2385 271 2448 admovit
289 2430 306 2457 ‚
332 2409 590 2467 precatus
626 2407 683 2446 ut
712 2407 823 2446 tam
847 2389 942 2447 diu
973 2394 1210 2449 viverent
1228 2434 1246 2461 ‚
1282 2389 1442 2448 donec

22 2468 171 2521 utiles
205 2468 504 2526 Alexandro
538 2489 710 2531 essent.
745 2471 870 2532 Rex
905 2472 1141 2553 pedibus
1177 2474 1283 2532 iter
1317 2471 1442 2552 ple-

3 2562 255 2626 1rumque
288 2547 564 2612 faciebat:
598 2572 734 2613 tunc
772 2554 1058 2616 admoveri
1095 2554 1202 2614 sibi
1235 2557 1293 2614 &
1327 2554 1442 2613 Ar-

6 2629 223 2690 {tabazo
253 2651 427 2709 equos
455 2635 644 2708 jussit,
674 2656 740 2694 ne
765 2637 886 2714 ipso
911 2636 1257 2717 ingrediente
1323 2634 1442 2696 edi-

26 2710 126 2774 bus
144 2751 165 2793 ,
196 2707 360 2773 senex
386 2730 533 2795 equo
559 2716 685 2779 vehi
710 2717 1084 2780 erubesceret.
1112 2657 1340 2780 Deinde
1373 2735 1438 2779 ut

1166 2816 1273 2871 Fiv
