<?xml version="1.0" encoding="UTF-8"?>
<!DOCTYPE html PUBLIC "-//W3C//DTD XHTML 1.0 Transitional//EN"
    "http://www.w3.org/TR/xhtml1/DTD/xhtml1-transitional.dtd">
<html xmlns="http://www.w3.org/1999/xhtml" xml:lang="en" lang="en">
 <head>
  <title>
</title>
<meta http-equiv="Content-Type" content="text/html;charset=utf-8" />
  <meta name='ocr-system' content='tesseract 3.04.00' />
  <meta name='ocr-capabilities' content='ocr_page ocr_carea ocr_par ocr_line ocrx_word'/>
</head>
<body>
  <div class='ocr_page' id='page_1' title='image "./histoiredalexand02curt_0481.png"; bbox 0 0 1690 3067; ppageno 0'>
   <div class='ocr_carea' id='block_1_1' title="bbox 6 96 1470 2774">
    <p class='ocr_par' dir='ltr' id='par_1_1' title="bbox 35 96 1466 405">
     <span class='ocr_line' id='line_1_1' title="bbox 169 96 1460 154; baseline -0.005 -8"><span class='ocrx_word' id='word_1_1' title='bbox 169 97 570 148; x_wconf 73' lang='lat' dir='ltr'><em>LIVREIX.</em></span> <span class='ocrx_word' id='word_1_2' title='bbox 611 96 1068 146; x_wconf 71' lang='lat' dir='ltr'><em>CHAPITRE</em></span> <span class='ocrx_word' id='word_1_3' title='bbox 1111 96 1241 146; x_wconf 78' lang='lat' dir='ltr'><em>VII.</em></span> <span class='ocrx_word' id='word_1_4' title='bbox 1365 106 1460 154; x_wconf 67' lang='lat'>471</span> 
     </span>
     <span class='ocr_line' id='line_1_2' title="bbox 35 177 1466 262; baseline -0.003 -21"><span class='ocrx_word' id='word_1_5' title='bbox 35 180 116 241; x_wconf 86' lang='lat' dir='ltr'>Ea</span> <span class='ocrx_word' id='word_1_6' title='bbox 147 181 260 260; x_wconf 89' lang='lat' dir='ltr'>ipsa</span> <span class='ocrx_word' id='word_1_7' title='bbox 288 203 373 241; x_wconf 87' lang='lat' dir='ltr'>res</span> <span class='ocrx_word' id='word_1_8' title='bbox 401 183 648 240; x_wconf 88' lang='lat' dir='ltr'>omnium</span> <span class='ocrx_word' id='word_1_9' title='bbox 681 184 891 241; x_wconf 80' lang='lat' dir='ltr'>animos</span> <span class='ocrx_word' id='word_1_10' title='bbox 917 184 1327 262; x_wconf 64' lang='lat' dir='ltr'>exspezftatione</span> <span class='ocrx_word' id='word_1_11' title='bbox 1350 177 1466 238; x_wconf 67' lang='lat' dir='ltr'>sus-0</span> 
     </span>
     <span class='ocr_line' id='line_1_3' title="bbox 38 263 1465 343; baseline -0.001 -21"><span class='ocrx_word' id='word_1_12' title='bbox 38 263 347 343; x_wconf 79' lang='lat' dir='ltr'>penderat:</span> <span class='ocrx_word' id='word_1_13' title='bbox 383 266 590 343; x_wconf 83' lang='lat' dir='ltr'><strong>quippe</strong></span> <span class='ocrx_word' id='word_1_14' title='bbox 636 284 848 323; x_wconf 85' lang='lat' dir='ltr'>armato</span> <span class='ocrx_word' id='word_1_15' title='bbox 893 263 1166 342; x_wconf 73' lang='lat' dir='ltr'><strong>congredi</strong></span> <span class='ocrx_word' id='word_1_16' title='bbox 1209 263 1465 329; x_wconf 80' lang='lat' dir='ltr'>nudum,</span> 
     </span>
     <span class='ocr_line' id='line_1_4' title="bbox 40 343 1112 405; baseline -0.002 -2"><span class='ocrx_word' id='word_1_17' title='bbox 40 343 320 405; x_wconf 87' lang='lat' dir='ltr'>dementia</span> <span class='ocrx_word' id='word_1_18' title='bbox 352 367 463 404; x_wconf 89' lang='lat' dir='ltr'>non</span> <span class='ocrx_word' id='word_1_19' title='bbox 496 345 775 404; x_wconf 74' lang='lat' dir='ltr'>temeritas</span> <span class='ocrx_word' id='word_1_20' title='bbox 801 343 1112 404; x_wconf 85' lang='lat' dir='ltr'>videbatur.</span> 
     </span>
    </p>

    <p class='ocr_par' dir='ltr' id='par_1_2' title="bbox 24 420 1470 2456">
     <span class='ocr_line' id='line_1_5' title="bbox 123 420 1469 506; baseline -0.002 -23"><span class='ocrx_word' id='word_1_21' title='bbox 123 425 310 506; x_wconf 82' lang='lat' dir='ltr'>Igitur</span> <span class='ocrx_word' id='word_1_22' title='bbox 334 425 577 485; x_wconf 81' lang='lat' dir='ltr'>Macedo</span> <span class='ocrx_word' id='word_1_23' title='bbox 600 425 747 485; x_wconf 89' lang='lat' dir='ltr'>haud</span> <span class='ocrx_word' id='word_1_24' title='bbox 769 426 972 486; x_wconf 86' lang='lat' dir='ltr'>dubius</span> <span class='ocrx_word' id='word_1_25' title='bbox 992 431 1205 486; x_wconf 87' lang='lat' dir='ltr'>eminus</span> <span class='ocrx_word' id='word_1_26' title='bbox 1228 420 1469 481; x_wconf 86' lang='lat' dir='ltr'>interfici</span> 
     </span>
     <span class='ocr_line' id='line_1_6' title="bbox 37 505 1466 588; baseline -0.003 -23"><span class='ocrx_word' id='word_1_27' title='bbox 37 526 199 588; x_wconf 90' lang='lat' dir='ltr'>posse</span> <span class='ocrx_word' id='word_1_28' title='bbox 223 552 238 571; x_wconf 78' lang='lat'><em>,</em></span> <span class='ocrx_word' id='word_1_29' title='bbox 276 506 523 568; x_wconf 83' lang='lat' dir='ltr'>lanceam</span> <span class='ocrx_word' id='word_1_30' title='bbox 549 509 727 567; x_wconf 86' lang='lat' dir='ltr'>emisit</span> <span class='ocrx_word' id='word_1_31' title='bbox 750 529 770 580; x_wconf 78' lang='lat'>3</span> <span class='ocrx_word' id='word_1_32' title='bbox 801 529 966 587; x_wconf 89' lang='lat' dir='ltr'>quam</span> <span class='ocrx_word' id='word_1_33' title='bbox 989 505 1314 584; x_wconf 79' lang='lat' dir='ltr'>Dioxippus</span> <span class='ocrx_word' id='word_1_34' title='bbox 1336 525 1466 561; x_wconf 83' lang='lat' dir='ltr'>cum</span> 
     </span>
     <span class='ocr_line' id='line_1_7' title="bbox 39 589 1467 669; baseline -0.005 -21"><span class='ocrx_word' id='word_1_35' title='bbox 39 591 240 668; x_wconf 83' lang='lat' dir='ltr'>exigua</span> <span class='ocrx_word' id='word_1_36' title='bbox 285 591 537 669; x_wconf 87' lang='lat' dir='ltr'>corporis</span> <span class='ocrx_word' id='word_1_37' title='bbox 577 589 947 649; x_wconf 79' lang='lat' dir='ltr'>declinatione</span> <span class='ocrx_word' id='word_1_38' title='bbox 989 593 1263 655; x_wconf 82' lang='lat' dir='ltr'>vitasset3</span> <span class='ocrx_word' id='word_1_39' title='bbox 1303 605 1467 644; x_wconf 88' lang='lat' dir='ltr'>ante-</span> 
     </span>
     <span class='ocr_line' id='line_1_8' title="bbox 37 669 1467 750; baseline -0.002 -23"><span class='ocrx_word' id='word_1_40' title='bbox 37 692 204 750; x_wconf 88' lang='lat' dir='ltr'>quarn</span> <span class='ocrx_word' id='word_1_41' title='bbox 229 669 329 730; x_wconf 90' lang='lat' dir='ltr'>ille·</span> <span class='ocrx_word' id='word_1_42' title='bbox 347 670 551 729; x_wconf 87' lang='lat' dir='ltr'>hastam</span> <span class='ocrx_word' id='word_1_43' title='bbox 578 669 899 730; x_wconf 84' lang='lat' dir='ltr'>transferret</span> <span class='ocrx_word' id='word_1_44' title='bbox 922 672 976 728; x_wconf 89' lang='lat' dir='ltr'>in</span> <span class='ocrx_word' id='word_1_45' title='bbox 1011 670 1265 730; x_wconf 76' lang='lat' dir='ltr'>dextram</span> <span class='ocrx_word' id='word_1_46' title='bbox 1291 710 1307 735; x_wconf 82' lang='lat'><strong><em>,</em></strong></span> <span class='ocrx_word' id='word_1_47' title='bbox 1333 670 1467 725; x_wconf 84' lang='lat' dir='ltr'>assi-</span> 
     </span>
     <span class='ocr_line' id='line_1_9' title="bbox 34 749 1468 832; baseline -0.003 -23"><span class='ocrx_word' id='word_1_48' title='bbox 34 751 142 811; x_wconf 81' lang='lat' dir='ltr'>luit</span> <span class='ocrx_word' id='word_1_49' title='bbox 167 796 182 816; x_wconf 94' lang='lat'><em>‚</em></span> <span class='ocrx_word' id='word_1_50' title='bbox 231 756 289 812; x_wconf 88' lang='lat'>&amp;</span> <span class='ocrx_word' id='word_1_51' title='bbox 333 751 515 832; x_wconf 89' lang='lat' dir='ltr'>stipite</span> <span class='ocrx_word' id='word_1_52' title='bbox 559 753 795 813; x_wconf 83' lang='lat' dir='ltr'>mediam</span> <span class='ocrx_word' id='word_1_53' title='bbox 838 775 957 812; x_wconf 87' lang='lat' dir='ltr'>earn</span> <span class='ocrx_word' id='word_1_54' title='bbox 1003 751 1191 832; x_wconf 82' lang='lat' dir='ltr'>fregit.</span> <span class='ocrx_word' id='word_1_55' title='bbox 1233 749 1468 807; x_wconf 87' lang='lat' dir='ltr'>Amisso</span> 
     </span>
     <span class='ocr_line' id='line_1_10' title="bbox 34 829 1467 915; baseline -0.004 -24"><span class='ocrx_word' id='word_1_56' title='bbox 34 852 280 914; x_wconf 89' lang='lat' dir='ltr'>utroque</span> <span class='ocrx_word' id='word_1_57' title='bbox 304 833 422 893; x_wconf 90' lang='lat' dir='ltr'>telo</span> <span class='ocrx_word' id='word_1_58' title='bbox 447 834 690 894; x_wconf 85' lang='lat' dir='ltr'>Macedo</span> <span class='ocrx_word' id='word_1_59' title='bbox 712 878 727 903; x_wconf 83' lang='lat'><strong><em>,</em></strong></span> <span class='ocrx_word' id='word_1_60' title='bbox 759 832 1007 915; x_wconf 82' lang='lat' dir='ltr'>gladium</span> <span class='ocrx_word' id='word_1_61' title='bbox 1033 851 1279 913; x_wconf 86' lang='lat' dir='ltr'>coeperat</span> <span class='ocrx_word' id='word_1_62' title='bbox 1303 829 1467 888; x_wconf 88' lang='lat' dir='ltr'>strin-</span> 
     </span>
     <span class='ocr_line' id='line_1_11' title="bbox 24 911 1468 997; baseline -0.003 -24"><span class='ocrx_word' id='word_1_63' title='bbox 24 936 207 995; x_wconf 77' lang='lat' dir='ltr'>gere,</span> <span class='ocrx_word' id='word_1_64' title='bbox 240 937 407 996; x_wconf 89' lang='lat' dir='ltr'>quem</span> <span class='ocrx_word' id='word_1_65' title='bbox 451 936 790 997; x_wconf 87' lang='lat' dir='ltr'>occupatum</span> <span class='ocrx_word' id='word_1_66' title='bbox 831 916 1132 996; x_wconf 82' lang='lat' dir='ltr'>complexu</span> <span class='ocrx_word' id='word_1_67' title='bbox 1167 957 1182 983; x_wconf 81' lang='grc'>,</span> <span class='ocrx_word' id='word_1_68' title='bbox 1225 911 1468 993; x_wconf 85' lang='lat' dir='ltr'>pedibus</span> 
     </span>
     <span class='ocr_line' id='line_1_12' title="bbox 32 996 1467 1079; baseline -0.003 -24"><span class='ocrx_word' id='word_1_69' title='bbox 32 1016 264 1076; x_wconf 86' lang='lat' dir='ltr'>repente</span> <span class='ocrx_word' id='word_1_70' title='bbox 299 997 580 1058; x_wconf 60' lang='lat' dir='ltr'>subductis</span> <span class='ocrx_word' id='word_1_71' title='bbox 622 999 943 1079; x_wconf 80' lang='lat' dir='ltr'>Dioxippus</span> <span class='ocrx_word' id='word_1_72' title='bbox 979 998 1231 1056; x_wconf 84' lang='lat' dir='ltr'>arietavit</span> <span class='ocrx_word' id='word_1_73' title='bbox 1261 996 1316 1052; x_wconf 81' lang='lat' dir='ltr'>in</span> <span class='ocrx_word' id='word_1_74' title='bbox 1345 1014 1467 1053; x_wconf 88' lang='lat' dir='ltr'>ter-</span> 
     </span>
     <span class='ocr_line' id='line_1_13' title="bbox 32 1078 1467 1160; baseline -0.003 -23"><span class='ocrx_word' id='word_1_75' title='bbox 32 1099 188 1152; x_wconf 83' lang='lat' dir='ltr'>ram3</span> <span class='ocrx_word' id='word_1_76' title='bbox 220 1100 528 1160; x_wconf 84' lang='lat' dir='ltr'>ereptoque</span> <span class='ocrx_word' id='word_1_77' title='bbox 551 1079 741 1160; x_wconf 85' lang='lat' dir='ltr'>gladio</span> <span class='ocrx_word' id='word_1_78' title='bbox 773 1079 974 1160; x_wconf 89' lang='lat' dir='ltr'>pedem</span> <span class='ocrx_word' id='word_1_79' title='bbox 1003 1078 1162 1158; x_wconf 83' lang='lat' dir='ltr'>super</span> <span class='ocrx_word' id='word_1_80' title='bbox 1186 1080 1467 1137; x_wconf 82' lang='lat' dir='ltr'>cervicem</span> 
     </span>
     <span class='ocr_line' id='line_1_14' title="bbox 33 1155 1469 1242; baseline -0.003 -24"><span class='ocrx_word' id='word_1_81' title='bbox 33 1162 266 1236; x_wconf 79' lang='lat' dir='ltr'>jacentis</span> <span class='ocrx_word' id='word_1_82' title='bbox 289 1162 553 1242; x_wconf 85' lang='lat' dir='ltr'>imposuit</span> <span class='ocrx_word' id='word_1_83' title='bbox 574 1205 590 1231; x_wconf 83' lang='lat'><strong><em>,</em></strong></span> <span class='ocrx_word' id='word_1_84' title='bbox 625 1160 861 1239; x_wconf 87' lang='lat' dir='ltr'>stipitem</span> <span class='ocrx_word' id='word_1_85' title='bbox 885 1162 1192 1227; x_wconf 66' lang='lat' dir='ltr'>intentam,</span> <span class='ocrx_word' id='word_1_86' title='bbox 1216 1155 1469 1216; x_wconf 85' lang='lat' dir='ltr'>elisurus-</span> 
     </span>
     <span class='ocr_line' id='line_1_15' title="bbox 35 1237 1469 1323; baseline -0.003 -23"><span class='ocrx_word' id='word_1_87' title='bbox 35 1264 144 1322; x_wconf 89' lang='lat' dir='ltr'>que</span> <span class='ocrx_word' id='word_1_88' title='bbox 163 1264 232 1300; x_wconf 92' lang='lat' dir='ltr'>eo</span> <span class='ocrx_word' id='word_1_89' title='bbox 257 1244 485 1311; x_wconf 64' lang='lat' dir='ltr'>vietum,</span> <span class='ocrx_word' id='word_1_90' title='bbox 510 1247 567 1303; x_wconf 90' lang='lat' dir='ltr'>ni</span> <span class='ocrx_word' id='word_1_91' title='bbox 589 1243 903 1323; x_wconf 86' lang='lat' dir='ltr'>prohibitus</span> <span class='ocrx_word' id='word_1_92' title='bbox 931 1261 1072 1300; x_wconf 89' lang='lat' dir='ltr'>esset</span> <span class='ocrx_word' id='word_1_93' title='bbox 1094 1264 1121 1299; x_wconf 91' lang='lat' dir='ltr'>a</span> <span class='ocrx_word' id='word_1_94' title='bbox 1142 1237 1469 1319; x_wconf 82' lang='lat' dir='ltr'>rege.Tris-</span> 
     </span>
     <span class='ocr_line' id='line_1_16' title="bbox 35 1320 1467 1403; baseline -0.003 -21"><span class='ocrx_word' id='word_1_95' title='bbox 35 1329 104 1383; x_wconf 89' lang='lat' dir='ltr'>tis</span> <span class='ocrx_word' id='word_1_96' title='bbox 124 1322 419 1403; x_wconf 63' lang='lat' dir='ltr'>speeiaculi</span> <span class='ocrx_word' id='word_1_97' title='bbox 437 1347 691 1394; x_wconf 85' lang='lat' dir='ltr'>eventus,</span> <span class='ocrx_word' id='word_1_98' title='bbox 710 1346 820 1383; x_wconf 88' lang='lat' dir='ltr'>non</span> <span class='ocrx_word' id='word_1_99' title='bbox 839 1323 1249 1382; x_wconf 75' lang='lat' dir='ltr'>Macedonibus</span> <span class='ocrx_word' id='word_1_100' title='bbox 1270 1320 1467 1389; x_wconf 90' lang='lat' dir='ltr'>mod0‚</span> 
     </span>
     <span class='ocr_line' id='line_1_17' title="bbox 34 1404 1469 1484; baseline -0.002 -22"><span class='ocrx_word' id='word_1_101' title='bbox 34 1405 127 1463; x_wconf 89' lang='lat' dir='ltr'>sed</span> <span class='ocrx_word' id='word_1_102' title='bbox 163 1407 329 1465; x_wconf 85' lang='lat' dir='ltr'>etiam</span> <span class='ocrx_word' id='word_1_103' title='bbox 363 1405 694 1466; x_wconf 81' lang='lat' dir='ltr'>Alexandro</span> <span class='ocrx_word' id='word_1_104' title='bbox 719 1405 867 1477; x_wconf 81' lang='lat' dir='ltr'>fuit3</span> <span class='ocrx_word' id='word_1_105' title='bbox 905 1406 1141 1464; x_wconf 78' lang='lat' dir='ltr'>maxime</span> <span class='ocrx_word' id='word_1_106' title='bbox 1167 1405 1293 1484; x_wconf 89' lang='lat' dir='ltr'>quia</span> <span class='ocrx_word' id='word_1_107' title='bbox 1338 1404 1469 1461; x_wconf 87' lang='lat' dir='ltr'>bar-</span> 
     </span>
     <span class='ocr_line' id='line_1_18' title="bbox 37 1484 1468 1568; baseline -0.002 -23"><span class='ocrx_word' id='word_1_108' title='bbox 37 1485 156 1546; x_wconf 89' lang='lat' dir='ltr'>bari</span> <span class='ocrx_word' id='word_1_109' title='bbox 192 1487 524 1547; x_wconf 78' lang='lat' dir='ltr'>adfuerant:</span> <span class='ocrx_word' id='word_1_110' title='bbox 567 1490 776 1568; x_wconf 82' lang='lat' dir='ltr'>quippe</span> <span class='ocrx_word' id='word_1_111' title='bbox 819 1487 1159 1547; x_wconf 82' lang='lat' dir='ltr'>celebratam</span> <span class='ocrx_word' id='word_1_112' title='bbox 1198 1484 1468 1544; x_wconf 85' lang='lat' dir='ltr'>Macedo—</span> 
     </span>
     <span class='ocr_line' id='line_1_19' title="bbox 35 1566 1470 1630; baseline -0.002 -4"><span class='ocrx_word' id='word_1_113' title='bbox 35 1590 170 1628; x_wconf 87' lang='lat' dir='ltr'>num</span> <span class='ocrx_word' id='word_1_114' title='bbox 195 1567 580 1628; x_wconf 86' lang='lat' dir='ltr'>fortitudinem</span> <span class='ocrx_word' id='word_1_115' title='bbox 611 1571 681 1630; x_wconf 92' lang='lat' dir='ltr'>ad</span> <span class='ocrx_word' id='word_1_116' title='bbox 706 1569 1007 1628; x_wconf 86' lang='lat' dir='ltr'>ludibrium</span> <span class='ocrx_word' id='word_1_117' title='bbox 1034 1566 1294 1628; x_wconf 86' lang='lat' dir='ltr'>recidisse</span> <span class='ocrx_word' id='word_1_118' title='bbox 1313 1588 1470 1627; x_wconf 89' lang='lat' dir='ltr'>vere-</span> 
     </span>
     <span class='ocr_line' id='line_1_20' title="bbox 38 1648 1470 1711; baseline -0.002 -2"><span class='ocrx_word' id='word_1_119' title='bbox 38 1650 222 1711; x_wconf 88' lang='lat' dir='ltr'>batur.</span> <span class='ocrx_word' id='word_1_120' title='bbox 261 1652 416 1710; x_wconf 88' lang='lat' dir='ltr'>Hinc</span> <span class='ocrx_word' id='word_1_121' title='bbox 446 1650 517 1709; x_wconf 87' lang='lat' dir='ltr'>ad</span> <span class='ocrx_word' id='word_1_122' title='bbox 551 1653 991 1711; x_wconf 86' lang='lat' dir='ltr'>criminationem</span> <span class='ocrx_word' id='word_1_123' title='bbox 1026 1648 1346 1710; x_wconf 85' lang='lat' dir='ltr'>invidorum</span> <span class='ocrx_word' id='word_1_124' title='bbox 1372 1649 1470 1707; x_wconf 90' lang='lat' dir='ltr'>ad-</span> 
     </span>
     <span class='ocr_line' id='line_1_21' title="bbox 34 1729 1468 1813; baseline -0.001 -22"><span class='ocrx_word' id='word_1_125' title='bbox 34 1753 241 1812; x_wconf 83' lang='lat' dir='ltr'>apertae</span> <span class='ocrx_word' id='word_1_126' title='bbox 265 1732 389 1791; x_wconf 87' lang='lat' dir='ltr'>sunt</span> <span class='ocrx_word' id='word_1_127' title='bbox 409 1755 566 1792; x_wconf 88' lang='lat' dir='ltr'>aures</span> <span class='ocrx_word' id='word_1_128' title='bbox 592 1734 755 1813; x_wconf 70' lang='lat' dir='ltr'>regis„</span> <span class='ocrx_word' id='word_1_129' title='bbox 775 1734 850 1792; x_wconf 80' lang='lat' dir='ltr'>Et</span> <span class='ocrx_word' id='word_1_130' title='bbox 870 1730 992 1813; x_wconf 86' lang='lat' dir='ltr'>post</span> <span class='ocrx_word' id='word_1_131' title='bbox 1018 1752 1228 1812; x_wconf 86' lang='lat' dir='ltr'>paucos</span> <span class='ocrx_word' id='word_1_132' title='bbox 1249 1729 1365 1788; x_wconf 89' lang='lat' dir='ltr'>dies</span> <span class='ocrx_word' id='word_1_133' title='bbox 1383 1731 1468 1789; x_wconf 86' lang='lat' dir='ltr'>in-</span> 
     </span>
     <span class='ocr_line' id='line_1_22' title="bbox 33 1810 1465 1895; baseline -0.003 -22"><span class='ocrx_word' id='word_1_134' title='bbox 33 1833 119 1873; x_wconf 89' lang='lat' dir='ltr'>ter</span> <span class='ocrx_word' id='word_1_135' title='bbox 145 1816 335 1894; x_wconf 82' lang='lat' dir='ltr'>epulas</span> <span class='ocrx_word' id='word_1_136' title='bbox 357 1837 585 1874; x_wconf 88' lang='lat' dir='ltr'>aureum</span> <span class='ocrx_word' id='word_1_137' title='bbox 613 1815 881 1895; x_wconf 86' lang='lat' dir='ltr'>poculum</span> <span class='ocrx_word' id='word_1_138' title='bbox 910 1837 978 1874; x_wconf 82' lang='lat' dir='ltr'>ex</span> <span class='ocrx_word' id='word_1_139' title='bbox 1002 1813 1320 1892; x_wconf 86' lang='lat' dir='ltr'>composito</span> <span class='ocrx_word' id='word_1_140' title='bbox 1338 1810 1465 1870; x_wconf 91' lang='lat' dir='ltr'>sub-</span> 
     </span>
     <span class='ocr_line' id='line_1_23' title="bbox 27 1891 1463 1977; baseline -0.003 -22"><span class='ocrx_word' id='word_1_141' title='bbox 27 1894 283 1968; x_wconf 81' lang='lat' dir='ltr'>ducitur3</span> <span class='ocrx_word' id='word_1_142' title='bbox 309 1894 682 1977; x_wconf 85' lang='lat' dir='ltr'>ministrique,</span> <span class='ocrx_word' id='word_1_143' title='bbox 719 1898 875 1976; x_wconf 85' lang='lat' dir='ltr'>quasi</span> <span class='ocrx_word' id='word_1_144' title='bbox 912 1898 1218 1958; x_wconf 86' lang='lat' dir='ltr'>amisissent</span> <span class='ocrx_word' id='word_1_145' title='bbox 1250 1937 1266 1962; x_wconf 84' lang='grc'>,</span> <span class='ocrx_word' id='word_1_146' title='bbox 1304 1891 1463 1974; x_wconf 86' lang='lat' dir='ltr'>quod</span> 
     </span>
     <span class='ocr_line' id='line_1_24' title="bbox 33 1972 1466 2059; baseline -0.004 -22"><span class='ocrx_word' id='word_1_147' title='bbox 33 1999 358 2038; x_wconf 88' lang='lat' dir='ltr'>amoverant</span> <span class='ocrx_word' id='word_1_148' title='bbox 396 2021 410 2047; x_wconf 86' lang='lat'><strong><em>,</em></strong></span> <span class='ocrx_word' id='word_1_149' title='bbox 456 2001 647 2059; x_wconf 78' lang='lat' dir='ltr'>regem</span> <span class='ocrx_word' id='word_1_150' title='bbox 685 1978 912 2038; x_wconf 85' lang='lat' dir='ltr'>adeunt.</span> <span class='ocrx_word' id='word_1_151' title='bbox 959 1980 1120 2057; x_wconf 82' lang='lat' dir='ltr'>Saepe</span> <span class='ocrx_word' id='word_1_152' title='bbox 1159 1978 1338 2034; x_wconf 87' lang='lat' dir='ltr'>minus</span> <span class='ocrx_word' id='word_1_153' title='bbox 1390 1972 1466 2032; x_wconf 87' lang='lat' dir='ltr'>est</span> 
     </span>
     <span class='ocr_line' id='line_1_25' title="bbox 36 2056 1468 2140; baseline -0.004 -20"><span class='ocrx_word' id='word_1_154' title='bbox 36 2058 358 2120; x_wconf 66' lang='lat' dir='ltr'>constantiae</span> <span class='ocrx_word' id='word_1_155' title='bbox 403 2063 458 2119; x_wconf 89' lang='lat' dir='ltr'>in</span> <span class='ocrx_word' id='word_1_156' title='bbox 494 2062 700 2119; x_wconf 88' lang='lat' dir='ltr'>rubore</span> <span class='ocrx_word' id='word_1_157' title='bbox 728 2103 744 2127; x_wconf 85' lang='lat'>‚</span> <span class='ocrx_word' id='word_1_158' title='bbox 786 2082 950 2140; x_wconf 90' lang='lat' dir='ltr'>quam</span> <span class='ocrx_word' id='word_1_159' title='bbox 990 2066 1043 2120; x_wconf 91' lang='lat' dir='ltr'>in</span> <span class='ocrx_word' id='word_1_160' title='bbox 1081 2060 1263 2139; x_wconf 86' lang='lat' dir='ltr'>culpa.</span> <span class='ocrx_word' id='word_1_161' title='bbox 1302 2056 1468 2115; x_wconf 88' lang='lat' dir='ltr'>Con-</span> 
     </span>
     <span class='ocr_line' id='line_1_26' title="bbox 36 2138 1464 2221; baseline -0.004 -21"><span class='ocrx_word' id='word_1_162' title='bbox 36 2143 241 2221; x_wconf 59' lang='lat' dir='ltr'>jeeium</span> <span class='ocrx_word' id='word_1_163' title='bbox 275 2141 569 2201; x_wconf 87' lang='lat' dir='ltr'>oculorum</span> <span class='ocrx_word' id='word_1_164' title='bbox 586 2185 604 2210; x_wconf 89' lang='grc'>,</span> <span class='ocrx_word' id='word_1_165' title='bbox 631 2142 830 2220; x_wconf 86' lang='lat' dir='ltr'>quibus</span> <span class='ocrx_word' id='word_1_166' title='bbox 855 2162 916 2201; x_wconf 87' lang='lat' dir='ltr'>ut</span> <span class='ocrx_word' id='word_1_167' title='bbox 946 2140 1031 2211; x_wconf 79' lang='lat' dir='ltr'>fur</span> <span class='ocrx_word' id='word_1_168' title='bbox 1053 2138 1429 2200; x_wconf 81' lang='lat' dir='ltr'>destinabatur</span> <span class='ocrx_word' id='word_1_169' title='bbox 1446 2181 1464 2206; x_wconf 85' lang='lat'><strong><em>,</em></strong></span> 
     </span>
     <span class='ocr_line' id='line_1_27' title="bbox 35 2218 1469 2304; baseline -0.005 -22"><span class='ocrx_word' id='word_1_170' title='bbox 35 2223 359 2304; x_wconf 80' lang='lat' dir='ltr'>Dioxippus</span> <span class='ocrx_word' id='word_1_171' title='bbox 391 2222 533 2283; x_wconf 86' lang='lat' dir='ltr'>ferre</span> <span class='ocrx_word' id='word_1_172' title='bbox 565 2244 677 2282; x_wconf 90' lang='lat' dir='ltr'>non</span> <span class='ocrx_word' id='word_1_173' title='bbox 715 2227 934 2303; x_wconf 86' lang='lat' dir='ltr'>potuit:</span> <span class='ocrx_word' id='word_1_174' title='bbox 971 2227 1026 2282; x_wconf 84' lang='lat'>&amp;</span> <span class='ocrx_word' id='word_1_175' title='bbox 1056 2244 1179 2281; x_wconf 89' lang='lat' dir='ltr'>cum</span> <span class='ocrx_word' id='word_1_176' title='bbox 1205 2218 1469 2280; x_wconf 80' lang='lat' dir='ltr'>excessis-</span> 
     </span>
     <span class='ocr_line' id='line_1_28' title="bbox 34 2300 1467 2384; baseline -0.001 -22"><span class='ocrx_word' id='word_1_177' title='bbox 34 2303 113 2363; x_wconf 89' lang='lat' dir='ltr'>set</span> <span class='ocrx_word' id='word_1_178' title='bbox 136 2307 400 2367; x_wconf 89' lang='lat' dir='ltr'>convivio</span> <span class='ocrx_word' id='word_1_179' title='bbox 421 2350 436 2374; x_wconf 86' lang='lat'>‚</span> <span class='ocrx_word' id='word_1_180' title='bbox 460 2304 633 2364; x_wconf 90' lang='lat' dir='ltr'>literis</span> <span class='ocrx_word' id='word_1_181' title='bbox 661 2307 1018 2384; x_wconf 75' lang='lat' dir='ltr'>conscripti8‚</span> <span class='ocrx_word' id='word_1_182' title='bbox 1046 2325 1168 2384; x_wconf 81' lang='lat' dir='ltr'>quae</span> <span class='ocrx_word' id='word_1_183' title='bbox 1196 2304 1314 2382; x_wconf 82' lang='lat' dir='ltr'>regi</span> <span class='ocrx_word' id='word_1_184' title='bbox 1340 2300 1467 2360; x_wconf 90' lang='lat' dir='ltr'>red-</span> 
     </span>
     <span class='ocr_line' id='line_1_29' title="bbox 37 2385 1466 2456; baseline -0.003 -11"><span class='ocrx_word' id='word_1_185' title='bbox 37 2386 300 2447; x_wconf 89' lang='lat' dir='ltr'>derentur</span> <span class='ocrx_word' id='word_1_186' title='bbox 318 2431 333 2456; x_wconf 86' lang='lat'>‚</span> <span class='ocrx_word' id='word_1_187' title='bbox 359 2386 508 2446; x_wconf 88' lang='lat' dir='ltr'>ferro</span> <span class='ocrx_word' id='word_1_188' title='bbox 534 2385 586 2445; x_wconf 87' lang='lat' dir='ltr'>se</span> <span class='ocrx_word' id='word_1_189' title='bbox 616 2389 914 2447; x_wconf 83' lang='lat' dir='ltr'>interemit.</span> <span class='ocrx_word' id='word_1_190' title='bbox 938 2387 1201 2445; x_wconf 82' lang='lat' dir='ltr'>Graviter</span> <span class='ocrx_word' id='word_1_191' title='bbox 1228 2403 1466 2442; x_wconf 85' lang='lat' dir='ltr'>mortem</span> 
     </span>
    </p>

    <p class='ocr_par' dir='ltr' id='par_1_3' title="bbox 6 2467 1468 2774">
     <span class='ocr_line' id='line_1_30' title="bbox 6 2467 1464 2549; baseline -0.003 -23"><span class='ocrx_word' id='word_1_192' title='bbox 6 2471 7 2495; x_wconf 75' lang='lat'><em>³</em></span> <span class='ocrx_word' id='word_1_193' title='bbox 39 2471 155 2548; x_wconf 84' lang='lat' dir='ltr'>ejus</span> <span class='ocrx_word' id='word_1_194' title='bbox 180 2469 309 2529; x_wconf 88' lang='lat' dir='ltr'>tulit</span> <span class='ocrx_word' id='word_1_195' title='bbox 348 2491 446 2528; x_wconf 84' lang='lat' dir='ltr'>rex</span> <span class='ocrx_word' id='word_1_196' title='bbox 468 2511 484 2537; x_wconf 91' lang='lat'><strong><em>,</em></strong></span> <span class='ocrx_word' id='word_1_197' title='bbox 526 2467 834 2528; x_wconf 81' lang='lat' dir='ltr'>existimans</span> <span class='ocrx_word' id='word_1_198' title='bbox 867 2468 1263 2549; x_wconf 84' lang='lat' dir='ltr'>indignationis</span> <span class='ocrx_word' id='word_1_199' title='bbox 1294 2486 1416 2523; x_wconf 89' lang='lat' dir='ltr'>esse</span> <span class='ocrx_word' id='word_1_200' title='bbox 1444 2506 1464 2533; x_wconf 84' lang='grc'>,</span> 
     </span>
     <span class='ocr_line' id='line_1_31' title="bbox 36 2543 1467 2630; baseline -0.003 -23"><span class='ocrx_word' id='word_1_201' title='bbox 36 2570 147 2608; x_wconf 88' lang='lat' dir='ltr'>non</span> <span class='ocrx_word' id='word_1_202' title='bbox 177 2552 517 2630; x_wconf 81' lang='lat' dir='ltr'>poenitentiae</span> <span class='ocrx_word' id='word_1_203' title='bbox 538 2548 730 2610; x_wconf 88' lang='lat' dir='ltr'>testem</span> <span class='ocrx_word' id='word_1_204' title='bbox 757 2571 769 2608; x_wconf 76' lang='grc' dir='ltr'><em>τ</em></span> <span class='ocrx_word' id='word_1_205' title='bbox 800 2555 992 2630; x_wconf 70' lang='lat' dir='ltr'>utIque</span> <span class='ocrx_word' id='word_1_206' title='bbox 1012 2546 1305 2629; x_wconf 82' lang='lat' dir='ltr'>postquam</span> <span class='ocrx_word' id='word_1_207' title='bbox 1326 2543 1467 2603; x_wconf 83' lang='lat' dir='ltr'>falso</span> 
     </span>
     <span class='ocr_line' id='line_1_32' title="bbox 38 2629 1468 2710; baseline -0.001 -23"><span class='ocrx_word' id='word_1_208' title='bbox 38 2631 414 2691; x_wconf 86' lang='lat' dir='ltr'>insimulatum</span> <span class='ocrx_word' id='word_1_209' title='bbox 456 2654 583 2691; x_wconf 90' lang='lat' dir='ltr'>eum</span> <span class='ocrx_word' id='word_1_210' title='bbox 622 2674 641 2706; x_wconf 83' lang='lat'>‚</span> <span class='ocrx_word' id='word_1_211' title='bbox 690 2632 919 2693; x_wconf 83' lang='lat' dir='ltr'>nimium</span> <span class='ocrx_word' id='word_1_212' title='bbox 967 2629 1286 2694; x_wconf 79' lang='lat' dir='ltr'>invidorum</span> <span class='ocrx_word' id='word_1_213' title='bbox 1326 2650 1468 2710; x_wconf 80' lang='lat' dir='ltr'>gau-</span> 
     </span>
     <span class='ocr_line' id='line_1_33' title="bbox 35 2711 486 2774; baseline 0.004 -2"><span class='ocrx_word' id='word_1_214' title='bbox 35 2711 186 2773; x_wconf 83' lang='lat' dir='ltr'>diurn</span> <span class='ocrx_word' id='word_1_215' title='bbox 227 2713 486 2774; x_wconf 84' lang='lat' dir='ltr'>ostendit.</span> 
     </span>
    </p>
   </div>
   <div class='ocr_carea' id='block_1_2' title="bbox 1635 1074 1690 3067">
    <p class='ocr_par' dir='ltr' id='par_1_4' title="bbox 1635 1074 1690 3067">
     <span class='ocr_line' id='line_1_34' title="bbox 1635 1074 1690 3067; baseline 0 0"><span class='ocrx_word' id='word_1_216' title='bbox 1635 1074 1690 3067; x_wconf 95' lang='lat' dir='ltr'> </span> 
     </span>
    </p>
   </div>
  </div>
 </body>
</html>
