1690 3067
211 80 309 150 536
502 85 1398 160 QUJNTE-CUR'CE,

204 169 399 249 quales
421 193 710 254 nunquam
735 174 870 235 editi
893 175 1110 240 fuissent
1131 226 1146 246 ,
1176 184 1474 246 meditatus
1490 230 1506 256 ,
1528 185 1657 250 tria*

200 251 481 331 artificum
507 256 677 316 millia
708 260 898 340 co‘e'git
918 302 934 328 ,
964 261 1063 340 qui
1086 282 1197 322 non
1224 266 1403 325 multo
1429 268 1549 348 post
1572 273 1654 340 itt'⁴

202 333 377 413 ipsius
423 341 672 418 exequiis
714 361 951 401 certasse
989 341 1265 406 feruntur.
1299 349 1427 407 Nec
1471 353 1655 412 amici·v

206 436 319 476 tam
355 416 533 478 effuso
566 420 765 480 affe-“stu
798 423 868 483 ad
906 426 1313 489 conciliandam
1349 433 1466 511 ejus
1501 444 1653 513 gra⁴

204 501 338 560 tiam
366 498 606 581 segniter
630 508 751 572 usi,
792 508 1045 566 certatim
1082 531 1337 592 reperere
1373 533 1473 594 per
1511 529 1638 594 quae

204 585 474 642 memoria
520 582 766 644 defuncti
807 588 1012 649 clarior
1052 592 1493 675 honoratiorque
1533 594 1661 655 fie-·

206 683 314 723 ret.
344 661 530 743 Igitur
569 666 887 740 Eumenes,
927 693 1057 730 cum
1086 672 1138 734 se
1176 675 1251 734 ob
1295 675 1636 737 simultatem
1688 722 1690 729 «

207 767 340 804 cum
367 746 719 825 Ephaestione
751 754 895 833 regis
919 752 1360 834 indignationem
1380 758 1664 837 ,incurris-¹

204 825 260 885 se
287 826 542 889 sensisset
561 874 576 899 ,
605 831 795 892 multis
822 837 1013 894 audior
1046 835 1150 897 fuit
1171 883 1186 908 ‚
1214 836 1381 919 seque
1406 843 1463 900 &
1487 860 1636 901 arma

205 907 299 968 sua
333 909 677 989 Ephaestioni
714 918 1115 979 consecrandi:
1154 922 1531 1002 pecuniasque
1569 921 1641 982 ad

209 991 691 1055 cohonestandum
741 995 908 1058 funus
969 998 1122 1081 large
1178 1003 1441 1062 contulit.
1501 1005 1637 1063 Hoc

210 1074 531 1154 exemplum
558 1078 757 1138 imitati
776 1078 898 1140 sunt
922 1083 1094 1142 ceteri
1114 1105 1134 1156 3
1160 1106 1336 1165 eaque
1358 1105 1492 1144 mox
1512 1107 1640 1166 pro-

210 1157 374 1215 cessit
398 1161 834 1221 assentationum
861 1163 1241 1244 impudentia,
1273 1186 1336 1226 ut
1356 1169 1473 1247 regi
1498 1191 1638 1227 moe-

207 1260 336 1298 rore
379 1241 436 1297 &
477 1240 753 1301 desiderio
796 1243 1043 1306 defunffl
1076 1249 1369 1307 insanienti
1405 1271 1640 1328 persua-

207 1319 326 1380 sum
351 1320 579 1381 tandem
610 1321 808 1393 fuerit,
839 1326 1027 1385 Deum
1063 1350 1177 1388 esse
1205 1329 1637 1409 Ephaestionem.

211 1403 350 1475 Quo
395 1403 622 1482 quidem
666 1425 920 1486 tempore
966 1431 1035 1468 ex
1075 1412 1362 1491 copiarum
1402 1412 1641 1476 ducibus

210 1485 565 1565 Agathocles
597 1488 813 1548 Samius
841 1489 910 1548 ad
939 1511 1252 1552 extremum
1284 1494 1516 1573 periculi
1540 1516 1640 1555 ve·-

211 1568 295 1626 nit
321 1611 337 1636 ‚
374 1567 531 1647 quod
567 1568 714 1628 iilius
750 1571 1031 1631 tumulum
1070 1577 1390 1654 praeteriens
1414 1576 1642 1658 illacry-

213 1671 391 1709 masse
433 1651 579 1710 visus
617 1672 777 1712 esset.
823 1655 914 1714 Ac
959 1656 1061 1715 nisi
1091 1657 1385 1717 Perdiccas
1418 1661 1644 1721 venanti

214 1731 322 1792 sibi
347 1730 758 1811 Ephaestionem
796 1739 1114 1816 apparuisse
1156 1745 1452 1800 ementitus
1479 1785 1495 1810 ,
1541 1762 1639 1822 per

214 1812 375 1872 Deos
400 1835 624 1883 omneS,
651 1817 947 1897 ipsumque
973 1819 1384 1898 Ephaestionem
1411 1821 1663 1900 deierasae

213 1894 334 1965 set,
368 1916 438 1954 ex
471 1898 592 1975 ipso
623 1896 675 1957 se
711 1902 1043 1978 cognovisse
1065 1945 1081 1970 ,
1109 1903 1494 1982 Agathoclem
1530 1915 1687 1963 non<

215 1997 279 2035 ut
303 1998 589 2037 mortuum
610 2022 627 2048 ,
668 1982 726 2038 &
759 2001 915 2040 vanae
951 1981 1258 2043 divinitatis
1289 1986 1466 2046 titulis
1501 1985 1646 2045 frus-

215 2077 301 2118 tra
343 2079 601 2119 ornatum
643 2059 862 2121 flevisse
892 2106 907 2131 ‚
962 2086 1159 2124 verum
1199 2067 1273 2126 ob
1322 2071 1643 2128 memoriam

216 2139 455 2220 pristinae
479 2140 787 2202 sodalitatis
817 2144 1091 2226 lacrymas
1116 2168 1231 2206 non
1257 2153 1494 2208 tenuisse
1515 2172 1534 2223 3
1560 2150 1639 2209 vir
1665 2205 1670 2208 .

217 2221 377 2282 fortis
403 2226 459 2283 &
484 2223 553 2284 de
579 2246 709 2305 rege
733 2224 876 2285 bene
904 2228 1132 2286 meritus
1149 2271 1164 2297 ,
1187 2231 1406 2308 pietatis
1435 2232 1488 2287 in
1515 2231 1642 2289 ami-

216 2325 347 2365 cum
382 2326 581 2386 graves
621 2327 815 2387 poenas
850 2310 1082 2369 innoxio
1125 2312 1308 2391 capite
1349 2310 1643 2392 pependis-

219 2383 321 2445 set.

305 2466 577 2527 Ceterum
610 2488 670 2528 ut
699 2471 980 2551 paulisper
1004 2493 1034 2531 a
1066 2472 1217 2532 lucstu
1246 2493 1511 2534 avocaret
1535 2475 1645 2534 ani*

221 2572 375 2610 mum
402 2592 417 2617 ‚
459 2549 514 2607 in
555 2550 915 2611 Cossaeorum
957 2574 1184 2632 gentem
1227 2555 1641 2636 expeditionem

221 2629 482 2712 suscepit.
518 2632 662 2713 Juga
702 2633 908 2693 Mediae
941 2639 1125 2697 vicina
1168 2636 1382 2695 Cossaei
1411 2657 1600 2696 tenent
1624 2678 1642 2706 ,

147 2777 150 2780 ,
224 2735 480 2796 asperum
519 2716 580 2776 δε
612 2736 738 2779 acre
779 2737 954 2800 genus
976 2760 999 2803 ἒ
1040 2720 1101 2781 δι
1139 2717 1444 2800 praedando
1481 2725 1647 2781 vitam
