1690 3067
251 95 515 150 'LIVRE
550 95 645 148 VJ.
682 95 1136 147 CHAPITRE
1173 100 1231 150 V.
1387 110 1475 161 ψ

61 192 132 260 ga
156 183 426 241 montium
447 182 687 261 praealtae
708 181 859 241 silvae
878 224 895 251 ,
922 202 1203 261 rupesque
1222 180 1382 241 inviae
1404 181 1484 242 se-

64 266 266 343 piunt3
305 285 368 323 ea
410 284 534 343 quae
577 263 738 342 plana
779 262 936 331 sunt,
974 284 1128 321 novo
1155 264 1483 324 munimenti

59 366 266 424 genere
303 343 665 423 impedierant
708 344 946 404 barbari.
987 342 1245 403 Arbores
1295 345 1481 406 densae

59 426 187 485 sunt
211 447 280 486 ex
307 424 567 485 industria
591 427 821 485 consitae
841 469 857 496 ‚
882 447 1115 507 quarum
1140 444 1363 485 teneros
1387 428 1481 486 ad-

61 508 173 566 huc
205 529 388 566 ramos
422 528 588 566 manu
613 506 841 567 flet‘stunt
861 551 878 578 ‚
915 528 1058 588 quos
1084 507 1325 567 intortos
1356 529 1481 566 rur-

58 587 145 646 sus
185 589 432 648 inserunt
456 609 660 659 terrae3
699 589 829 649 inde
866 590 1022 651 velut
1051 609 1119 647 ex
1153 588 1255 649 alia
1294 588 1484 652 radice

61 669 304 729 laetiores
337 671 520 732 virent
551 673 753 731 trunci.
796 672 923 731 Hos
961 692 1069 751 qua
1106 690 1302 730 natura
1338 671 1482 741 fert,

58 751 380 812 adolescere
408 774 519 812 non
545 754 728 813 sinunt
750 773 769 824 3
799 758 1006 834 quippe
1033 754 1199 811 alium
1233 753 1323 812 alii
1347 776 1485 834 qua-

62 838 107 893 si
129 855 274 895 nexu
305 854 607 894 conserunt
627 878 643 904 ‚
679 836 774 916 qui
804 835 901 894 ubi
935 834 1109 893 multa
1133 832 1332 894 fronde
1363 834 1482 895 ves-

60 917 151 975 titi
179 915 303 975 sunt
324 959 341 985 ,
376 918 636 996 operiunt
663 937 884 976 terram.
914 915 1115 996 Itaque
1146 916 1360 977 occulti
1385 938 1483 977 ne-

61 1017 164 1055 xus
190 1019 467 1056 ramorum
501 999 659 1057 velut
687 998 873 1077 laquei
905 1017 1175 1077 perpetua
1205 996 1332 1077 sepe
1375 1000 1484 1058 iter

60 1077 350 1137 claudunt.
367 1079 497 1138 Una
521 1081 663 1138 ratio
697 1098 814 1138 erat
838 1078 1111 1138 caedendo
1137 1083 1347 1158 aperire
1373 1079 1485 1140 sal-

60 1178 180 1218 tum
211 1180 223 1218 :
264 1158 358 1219 sed
393 1160 502 1220 hoc
540 1182 767 1246 quoque
808 1161 995 1240 magni
1035 1162 1239 1240 operis,
1276 1161 1486 1221 Crebri

60 1261 300 1321 namque
332 1241 468 1301 nodi
492 1241 828 1303 duraverant
859 1241 1068 1321 stipites
1089 1284 1106 1310 ,
1134 1245 1193 1302 &
1217 1247 1272 1303 in
1297 1241 1348 1301 se
1374 1245 1489 1303 im·-v

59 1322 253 1401 plicati
272 1322 533 1382 arborum
561 1326 694 1382 rami
712 1323 977 1405 suspensis
999 1324 1221 1384 circulis
1241 1324 1444 1384 similes
1462 1342 1489 1395 ,·

61 1403 216 1463 lento
255 1405 457 1464 vimine
491 1403 895 1465 frustrabantur
932 1407 1094 1467 ictus.
1134 1404 1348 1466 Incolae
1386 1429 1486 1466 au-

61 1504 179 1545 tem
216 1487 325 1545 ritu
361 1485 601 1546 ferarum
636 1486 878 1567 virgulta
910 1485 1089 1546 subire
1130 1485 1315 1557 soliti,
1359 1499 1490 1547 tum'

64 1574 294 1647 quoque
323 1569 662 1628 intraverant
697 1568 935 1638 saltum3
972 1568 1323 1649 occultisque
1356 1571 1487 1629 telis

63 1646 276 1708 hostem
306 1647 669 1708 lacessebant.
701 1649 808 1709 Ille
844 1651 1167 1710 venantium
1201 1650 1376 1710 modo
1407 1653 1487 1711 la-

64 1729 242 1790 tibula
272 1727 544 1790 scrutatus
561 1774 577 1800 ,
605 1730 902 1811 plerosque
926 1730 1184 1791 confodit
1208 1753 1221 1791 :
1257 1731 1326 1792 ad
1354 1732 1489 1791 ulti-

67 1833 220 1871 mum
245 1812 536 1872 circumire
560 1810 755 1872 saltum
781 1814 983 1873 milites
1010 1813 1170 1890 jubet
1186 1855 1202 1882 ,
1224 1834 1285 1873 ut
1307 1819 1353 1874 si
1374 1829 1493 1894 qua·

65 1911 315 1972 pateret,
348 1897 738 1973 irrumperent.
766 1893 880 1953 Sed
911 1895 1125 1974 ignotis
1157 1893 1297 1954 locis
1321 1896 1494 1975 pleri·

65 1994 177 2055 que
212 1973 567 2036 oberrabant.
604 1975 848 2054 Excepti
880 1973 1006 2033 sunt
1035 1974 1261 2056 quidam
1281 1999 1301 2049 3
1340 1981 1490 2037 inter

71 2076 215 2136 quos
261 2076 437 2136 equus
482 2057 628 2138 regis
667 2100 684 2126 ‚
735 2056 1121 2136 Bucephalum
1157 2057 1443 2119 vocabant
1472 2079 1492 2118 ε

66 2158 236 2217 quem
261 2137 589 2199 Alexander
624 2160 737 2199 non
761 2137 961 2198 eodem
993 2160 1109 2218 quo
1145 2159 1359 2199 ceteras
1392 2161 1492 2220 pe·-

70 2219 243 2278 cudes
269 2221 450 2279 animo
483 2219 804 2281 aestimabat.
841 2219 990 2278 Nam
1019 2219 1112 2279 ille
1138 2242 1242 2280 nec
1269 2222 1320 2279 in
1354 2220 1495 2282 dor-

71 2299 130 2358 so
170 2300 404 2361 insidere
436 2300 533 2362 suo
575 2302 893 2382 patiebatur
929 2301 1137 2374 aliun-13
1175 2306 1233 2363 ὃς
1259 2322 1497 2383 regem.

0 2381 2 2455 l
72 2402 204 2440 cum
228 2381 398 2443 vellet
433 2383 730 2445 ascendere
751 2426 768 2454 ,
801 2382 998 2463 sponte
1032 2383 1125 2443 sua
1158 2405 1338 2465 genua
1361 2381 1499 2443 sub-

1 2474 3 2518 l
74 2463 299 2522 mittens
350 2466 661 2546 excipiebat
706 2508 723 2535 ,
783 2463 1234 2546 credebaturque
1293 2465 1502 2525 sentiro

77 2564 245 2621 quem
282 2545 527 2606 veheret.
571 2546 788 2624 Majore
821 2568 958 2626 ergo
1001 2568 1170 2628 quam
1214 2546 1498 2616 decebat,

78 2624 153 2681 ira
184 2625 343 2683 simul
380 2649 441 2686 ac
475 2627 669 2688 dolore
705 2626 1010 2688 stimulatus
1029 2672 1049 2700 ,
1091 2650 1298 2708 equum
1329 2625 1502 2688 vesti-

81 2707 198 2787 gari
219 2706 375 2788 jubet
397 2729 417 2784 5
452 2713 507 2773 ἃ
531 2731 629 2794 per
648 2710 1010 2793 interpretem
1038 2711 1420 2792 pronuntiari,
1445 2712 1501 2769 ni

1184 2806 1223 2855 F
1243 2808 1288 2871 vj
