1690 3067
155 95 251 151 524
446 86 1353 158 QUINTE-CURCE,

152 176 309 229 etium
319 190 416 254 per
428 177 713 255 supplicia,
735 174 798 232 ΕΤ
819 173 1029 252 quidem
1051 178 1251 231 externi
1270 178 1427 234 moris
1447 172 1582 234 obse-³

151 257 322 333 queris
343 263 369 312 ἒ
397 258 579 329 milites
605 264 718 325 tui,
755 258 891 313 cives
927 259 1004 312 tui
1026 301 1042 326 ,
1082 259 1342 337 incognita
1379 259 1535 334 causa
1559 297 1578 328 ,

151 339 374 417 captivis
390 336 501 412 suis
523 336 823 395 ducentibus
847 338 1127 395 trahuntur
1157 337 1231 396 ud
1261 358 1466 419 poenum
1485 340 1509 397 J
1537 342 1581 396 si

153 435 370 474 mortem
395 422 637 475 meruisse
649 419 860 493 judicus
877 462 893 487 ,
919 421 1108 495 saltem
1129 421 1586 503 ministrossuppli-

152 500 222 556 cii
240 517 406 560 muta.
434 501 642 561 Amico
670 504 884 571 anim0‚
910 504 953 560 si
977 507 1094 562 veri
1118 504 1331 582 patiens
1353 502 1545 563 fuisset
1564 543 1583 574 ,

152 581 604 655 admonebatur-3
639 584 734 643 sed
770 587 826 644 in
865 585 1075 644 rabiem
1113 587 1190 644 ira
1228 606 1584 666 pervenerat.

148 661 352 745 Itaque
378 687 566 725 rursus
598 670 620 740 (
645 688 769 725 nam
796 687 1097 746 parumper
1120 710 1137 736 ,
1172 669 1377 747 quibus
1398 671 1579 748 impe-

151 766 334 805 ratum
360 767 477 806 erat
499 791 515 817 ‚
553 747 945 808 dubitaverant
978 753 1002 824 )
1047 752 1211 828 mergi
1241 752 1295 805 in
1331 772 1540 806 amnem
1562 791 1582 821 ,

155 830 287 883 sicut
306 832 473 884 vincti
494 848 644 885 erunt
663 873 679 899 ‚
706 831 879 910 jussit.
914 831 1041 889 Nec
1069 830 1178 890 hoc
1205 831 1435 911 quidem
1459 829 1587 912 sup-

152 910 382 991 plicium
431 910 761 972 seditionem
801 911 1039 970 militum
1078 916 1276 974 movit.
1320 914 1584 994 Namque

154 994 446 1072 copiarum
473 993 644 1053 duces
680 1015 848 1074 atque
880 995 1089 1054 amicos
1118 998 1236 1073 ejus
1260 1039 1277 1065 ‚
1317 996 1586 1075 manipuli

153 1073 364 1134 adeunt
385 1119 401 1145 ,
435 1096 689 1156 petentes
709 1120 726 1147 ‚
761 1093 818 1133 ut
848 1079 892 1131 si
911 1098 1030 1156 quos
1051 1075 1225 1134 adhuc
1248 1079 1464 1159 pristinu
1495 1100 1586 1134 no-

155 1178 227 1212 xa
244 1155 513 1229 judicaret
538 1181 633 1215 esse
664 1161 910 1215 contuc‘los
934 1204 949 1223 ,
971 1158 1173 1231 juberet
1207 1160 1464 1237 interfici,
1505 1160 1585 1238 of·-

145 1240 290 1316 ferre
308 1238 365 1315 se
396 1259 607 1320 corporei
637 1243 722 1297 irae
741 1285 760 1312 ,
794 1239 1109 1300 trucidaret.

221 1401 791 1464 FREINSHEMII
823 1403 1526 1468 SUPPLEMENTUM.

241 1566 556 1647 [Tandem
587 1592 702 1651 prae
742 1570 941 1633 dolore
972 1570 1069 1635 vix
1108 1573 1307 1635 mentis
1342 1586 1591 1656 comptae&

152 1672 239 1713 tes
277 1656 519 1715 universi
569 1676 917 1714 concurrunt
963 1656 1034 1714 ad
1071 1659 1278 1737 regiam
1322 1701 1339 1727 ,
1400 1659 1592 1717 armis·

152 1757 264 1816 que
302 1757 429 1796 ante
469 1734 619 1796 fores
663 1739 961 1819 projefii8‚
994 1739 1230 1799 tunicati
1272 1738 1547 1799 adstantes
1569 1758 1593 1811 ,’

158 1817 306 1874 nudet
355 1819 419 1876 ΕΤ
470 1818 689 1874 obnoxiu
736 1822 897 1900 poenis
946 1838 1156 1902 corporet
1200 1820 1414 1877 admitti
1452 1819 1591 1881 flen-

157 1917 244 1959 tes
278 1901 535 1961 orabant.
573 1905 706 1956 Non
731 1901 787 1977 se
821 1900 1089 1984 deprecari
1107 1945 1124 1972 ‚
1164 1905 1290 1981 quin
1318 1903 1587 1985 suppliciis

145 1981 378 2056 sentium
411 1984 784 2064 expiarentur,
825 2006 929 2062 quae
947 2002 1042 2065 per
1081 1988 1464 2042 contumaciam
1500 1985 1588 2042 de-

154 2065 438 2143 liquissent.
466 2067 614 2145 Regis
647 2064 981 2123 iracundiam
1006 2065 1103 2123 sibi
1126 2084 1289 2122 morte
1323 2067 1589 2145 tristiorem

157 2167 275 2217 esse·
308 2149 574 2228 Cumque
599 2146 717 2208 dies
745 2151 1048 2229 noctesque
1077 2167 1204 2209 ante
1233 2151 1444 2230 regiam
1464 2172 1591 2231 per·
1654 2184 1659 2188 ·

152 2227 439 2296 sistente3‚
483 2230 720 2290 mirabili
761 2231 1007 2291 clamore
1052 2232 1362 2313 habituque
1413 2236 1591 2311 poeni-

153 2318 390 2372 tentiam
410 2310 559 2370 suam
584 2313 1001 2391 approbarent3
1023 2313 1261 2373 biduum
1283 2334 1469 2374 tamen
1495 2315 1589 2376 ad·
1666 2359 1671 2370 ,

155 2415 354 2453 versus
370 2393 699 2453 humillimas
717 2392 941 2453 suorum
960 2416 1151 2474 preces
1171 2395 1456 2455 iracundia
1471 2400 1591 2476 ejus

162 2474 407 2536 duravit.
450 2475 650 2535 Tertio
690 2475 778 2536 die
817 2478 996 2537 victus
1041 2476 1346 2537 constantia
1383 2477 1590 2559 suppli-

159 2580 322 2625 cum,
351 2564 660 2636 processit:
692 2560 1053 2638 incusataque
1088 2560 1287 2619 leniter
1311 2562 1591 2621 exercitus

160 2639 541 2710 immodestia,
578 2661 689 2700 non
723 2644 838 2701 sine
870 2642 1058 2703 multis
1098 2643 1377 2723 utrimque
1408 2641 1588 2723 lacry-

163 2722 309 2794 mis,
342 2724 396 2779 in
425 2726 659 2805 gratiam
688 2723 746 2803 se
783 2745 901 2782 cum
943 2727 1061 2807 ipsis
1104 2723 1278 2784 redire
1310 2723 1590 2806 professus
