1690 3067
233 96 496 148 LIVRE
531 97 594 142 X.
633 93 1220 161 CHAPITREIV.
1350 110 1459 164 527.

25 180 123 245 est.
148 181 338 262 Digna
362 199 547 239 tamen
572 200 657 237 res
691 180 809 239 visa
834 176 911 238 est
933 222 949 248 ‚
1025 201 1108 238 uae
1145 179 1447 260 majoribus

26 263 212 323 hostiis
241 263 577 342 expiaretur.
607 259 809 341 Itaque
844 200 1116 328 sacrificio
1152 261 1447 342 magnifice

25 364 348 428 perpetrato
368 386 385 413 ,
421 342 803 407 Macedonum
839 341 1000 402 simul
1038 344 1447 424 Persarumque

26 428 300 507 primores
323 425 580 488 invitavit
603 423 674 484 ad
699 423 910 504 epulas.
938 424 1164 483 Novem
1191 426 1354 485 millia
1381 447 1452 487 eo

26 509 294 569 convivio
330 508 610 585 excepisse
634 549 651 574 ,
688 504 975 585 proditum
1012 504 1088 565 est
1121 508 1401 566 memoriae
1429 550 1449 578 ,

30 610 238 669 eosque
268 609 460 649 omnes
488 588 757 651 invitante
781 608 913 667 rege
943 609 1014 646 ex
1044 586 1242 647 eodem
1271 609 1452 648 crate·

31 691 90 728 re
115 670 372 731 libavisse
386 712 404 738 ,
428 669 640 728 Graecis
670 667 1028 750 barbarisque
1050 668 1272 730 vatibus
1291 712 1306 738 ,
1328 689 1450 735 tum

32 752 138 814 alia
174 749 347 812 fausta
384 770 518 812 vota
550 750 926 831 praeeuntibus
950 796 967 822 ‚
1013 755 1150 806 Tum
1193 752 1453 830 imprimis

33 850 93 893 ut
114 853 174 890 ea
199 835 466 910 utriusque
490 834 697 914 imperii
719 835 772 889 in
794 831 933 889 idem
957 849 1140 915 corpus
1165 834 1355 890 coalita
1371 833 1452 909 sog

31 915 185 973 cietas
203 931 451 996 perpetua
462 914 624 993 flaret,
1045 916 1049 920 ’

118 1076 403 1138 Maturata
428 1076 629 1139 deinde
667 1074 744 1138 est
778 1074 963 1136 missio
991 1118 1009 1146 ,
1053 1075 1112 1138 &
1146 1073 1454 1136 infirmissiv

31 1180 153 1222 mus
191 1160 426 1239 quisque
464 1161 822 1222 exanclorati.
859 1159 1193 1218 Amicorum
1220 1180 1454 1239 quoque

28 1239 303 1303 seniorum
346 1241 681 1320 quibusdam
724 1259 1100 1300 commeatum
1144 1239 1322 1306 dedit.
1364 1241 1456 1306 Ex,

31 1322 235 1402 quibus
252 1321 440 1381 Clitus
460 1341 844 1402 cognomento
862 1322 1073 1390 Albus,
1099 1323 1456 1403 Gorgiasque

31 1409 91 1463 &
129 1402 463 1484 Polydamas
488 1447 502 1473 ‚
531 1410 589 1464 &
615 1404 928 1483 Antigenes
962 1402 1138 1465 fuere.
1170 1403 1459 1462 Abeunti÷=

34 1484 138 1544 bus
179 1506 292 1544 non
341 1484 515 1547 modo
563 1487 832 1567 praeteriti
874 1488 1145 1565 temporis
1186 1484 1458 1564 stipendia

33 1588 164 1627 cum
204 1566 318 1626 fide
363 1567 676 1647 persolvit,
722 1589 917 1629 verum
964 1568 1132 1628 etiam
1180 1567 1457 1631 talentum

32 1648 238 1728 adjecit
262 1650 316 1707 in
350 1649 602 1729 singulos
627 1650 828 1710 milites
846 1693 863 1719 ,
887 1649 1076 1710 viatici
1096 1650 1342 1709 nomine.
1365 1650 1462 1708 Fi-

34 1729 140 1794 lios
181 1752 250 1789 ex
287 1730 553 1792 Asiaticis
588 1733 859 1792 uxoribus
884 1730 1175 1810 susceptos
1201 1733 1225 1806 (
1256 1729 1327 1790 ad
1363 1730 1461 1790 de-

35 1834 159 1872 cem
189 1810 357 1872 millia
392 1812 555 1874 fuisse
597 1814 836 1873 traditur
868 1818 891 1891 )
942 1813 1092 1892 apud
1129 1811 1183 1872 se
1221 1813 1460 1894 relinqui

33 1897 190 1974 jussit
226 1939 240 1957 ‚
284 1915 353 1961 ne
405 1900 460 1955 in
518 1894 911 1955 Macedoniam
959 1916 1087 1954 cum
1135 1896 1459 1974 parentibus

33 1977 361 2055 transgressi
394 2020 412 2045 ,
451 1980 510 2036 &
550 1976 886 2057 conjugibus
927 1975 1226 2056 liberisque
1266 1977 1462 2054 priori-

37 2055 140 2120 bus
181 2059 444 2136 permixti
485 2057 714 2120 familias
757 2057 1104 2137 singulorum
1144 2060 1463 2117 contentio-2

37 2138 200 2197 nibus
237 2142 296 2198 &
329 2138 622 2198 discordiis
650 2141 981 2219 implerent:
1018 2139 1121 2196 sibi
1153 2160 1303 2200 curae
1334 2137 1458 2200 fore

37 2219 321 2298 pollicitus
342 2263 358 2287 ,
386 2240 450 2279 ut
478 2222 657 2300 patrio
689 2243 844 2280 more
867 2219 1103 2280 instituti
1135 2219 1346 2280 militiae
1376 2244 1462 2282 ar«,-

37 2319 122 2360 tes
165 2300 557 2362 edocerentur.
600 2300 690 2362 Ita
732 2301 890 2383 supra
926 2302 1122 2362 decem
1166 2321 1463 2364 veterano-

38 2402 162 2441 rum
198 2383 368 2443 millia
396 2383 615 2443 dimissa
642 2383 806 2458 sunt3
849 2383 1183 2463 additusque
1217 2383 1295 2443 est
1322 2386 1465 2447 Cra->-

36 2483 230 2533 teruS‚
269 2466 366 2544 qui
408 2487 506 2525 eos
544 2465 890 2535 deduceret,
931 2487 1002 2524 ex
1043 2468 1342 2545 praecipuis
1377 2491 1463 2528 re-

29 2547 128 2627 ‘gis
161 2546 368 2605 amicis,
395 2544 492 2606 Isti
520 2549 563 2606 si
595 2546 728 2626 quid
749 2547 1066 2609 humanitus
1091 2549 1422 2626 contigisset
1442 2593 1461 2623 ,

31 2625 483 2706 *Polyperchonti
511 2649 703 2707 parere
733 2629 862 2705 jussi
890 2626 1035 2703 sunt.
1063 2627 1269 2687 Literis
1295 2635 1463 2694 etiam

22 2705 114 2790 ‚iad
149 2707 517 2789 Antipatrum
555 2709 766 2789 scriptis
787 2752 805 2781 ‚
842 2708 1082 2766 honorem
1115 2710 1336 2773 emeritis
1369 2709 1464 2768 lm-

33 2793 37 2826 l

37 2858 39 2888 l

37 2923 43 3011 1
