1690 3067
231 103 325 156 512
504 83 1408 154 QUINTE-e‘URcEg

224 177 385 254 regio
410 171 646 253 imperio
668 214 686 241 ‚
711 170 807 232 sed
829 172 1048 254 legibus
1077 173 1442 254 moribusque
1467 170 1629 254 patrii

227 260 349 336 regi
384 254 625 323 assueti,
663 254 1003 339 prohibuere
1045 254 1290 315 finibust
1334 259 1517 315 omnia
1556 278 1655 336 po·

229 340 342 396 tius
366 379 382 406 ,
416 336 710 397 toleraturi
734 379 754 402 ,
787 360 953 417 quam
978 358 1346 418 purgamenta
1374 337 1625 418 quonda'
1654 362 1656 364 ’

231 418 385 479 urbis
407 417 517 477 suae
537 461 554 488 ,
592 437 730 477 tunc
757 425 923 479 etiam
960 420 1147 488 exilii,
1181 418 1560 480 admitterent.

321 500 656 561 Alexander
700 499 1009 561 senioribus
1050 502 1291 562 militum
1329 503 1384 560 in
1428 503 1603 583 patria
1663 518 1666 519 ’

234 583 514 654 remissis3
553 581 803 638 tredecim
830 586 1001 639 millia
1030 582 1299 664 peditum,
1327 585 1392 640 &
1418 584 1520 640 duo
1545 585 1656 639 mil-

236 669 312 722 lia
339 667 568 742 equitum
590 707 606 733 ‚
646 686 747 742 quae
778 665 834 719 in
865 666 1000 720 Asia
1028 668 1260 720 retineret
1278 708 1296 734 ,
1328 666 1450 746 eligi
1471 666 1657 746 jussit:

237 745 550 807 existimans
591 746 819 806 modico
877 747 1131 806 exercitu
1174 747 1462 807 continere
1504 768 1658 826 posse

237 831 474 898 Asiam,
519 833 647 908 quia
690 828 944 908 pluribus
985 828 1125 888 locis
1168 829 1425 907 praesidia
1470 829 1658 907 dispo-

237 913 435 970 suisset
458 935 474 984 3
516 932 806 991 nuperque
835 910 1092 970 conditas
1117 911 1283 970 urbes
1303 954 1320 980 ,
1360 933 1494 991 quas
1518 911 1659 970 colo-

238 996 323 1052 nis
347 993 615 1073 replesset
639 1037 656 1062 ‚
695 1013 780 1056 res
807 1014 1076 1052 renovare
1103 993 1462 1071 cupientibus
1496 990 1660 1051 obsta-

239 1099 320 1136 re.
351 1075 620 1134 Ceterum
658 1076 982 1156 priusquam
1006 1073 1318 1134 secerneret
1340 1118 1356 1143 ‚
1391 1096 1533 1155 quos
1556 1092 1660 1132 erat

241 1177 596 1225 retenturum,
627 1157 800 1217 edixit
822 1200 838 1226 ‚
867 1175 922 1211 ut
955 1178 1121 1211 omnes
1149 1158 1333 1212 milites
1355 1178 1410 1211 ιω
1439 1158 1662 1212 alienum

236 1241 621 1322 profiterentur.
670 1241 859 1299 Grave
905 1237 1181 1318 plerisque
1224 1259 1338 1297 esse
1380 1258 1662 1316 compere-

242 1341 366 1382 rat:
407 1325 466 1380 &
504 1342 828 1401 quanquam
857 1320 1107 1401 ipsorum
1149 1319 1284 1377 luxu
1325 1321 1664 1379 contraelum

248 1424 368 1465 erat
404 1446 419 1472 ,
466 1402 770 1462 dissolvere
807 1422 994 1461 tamen
1036 1403 1156 1480 ipse
1198 1401 1543 1464 decreverat.
1583 1398 1665 1460 Illi

245 1487 453 1545 tentari
480 1486 628 1563 ipsos
654 1486 789 1554 rati,
815 1505 929 1564 quo
950 1481 1164 1543 facilius
1191 1485 1260 1544 ab
1287 1485 1515 1564 integris
1533 1482 1666 1541 sum·

247 1589 444 1627 tuosos
467 1566 805 1626 discerneret
821 1611 835 1636 ,
855 1566 1189 1648 prolatando
1215 1566 1561 1646 aliquantum
1583 1585 1668 1622 ex-

248 1670 537 1709 traxerant
563 1655 852 1730 temporiS.
879 1649 954 1708 Et
977 1671 1075 1707 rex
1099 1647 1223 1707 satis
1246 1670 1447 1729 gnarus
1474 1642 1670 1727 profes-

247 1735 392 1792 sioni
425 1736 544 1790 aeris
568 1731 842 1811 pudorem
861 1775 878 1800 ,
913 1752 1024 1790 non
1051 1732 1462 1790 contumaciam
1494 1726 1671 1788 obsta-

251 1834 355 1884 re3
393 1835 592 1869 mensas
632 1816 744 1869 totis
790 1812 966 1888 castris
1001 1817 1126 1894 poni
1167 1815 1323 1891 jussit
1356 1858 1372 1877 ,
1410 1811 1474 1869 &
1508 1809 1690 1881 decemvl

253 1898 427 1952 millia
468 1897 782 1951 talentorum
818 1897 1069 1976 proferri.
1104 1894 1255 1953 Tum
1299 1893 1526 1954 demum
1565 1889 1690 1953 fidel

254 1978 394 2038 {aeia
421 1974 654 2056 professi
679 1976 838 2047 sunt3
867 1998 969 2036 nec
994 1976 1226 2057 amplius
1252 1999 1320 2036 ex
1342 1997 1493 2036 tanta
1516 1996 1690 2057 pecu-1

253 2062 344 2120 nia
369 2082 535 2139 quam
570 2079 798 2119 centum
832 2062 889 2118 &
922 2061 1149 2140 triginta
1176 2059 1383 2118 talenta
1405 2055 1678 2139 superfue-

253 2164 336 2202 re.
364 2139 536 2200 Adeo
559 2140 649 2200 ille
676 2143 952 2201 exercitus
978 2185 994 2211 ,
1027 2160 1117 2200 tot
1140 2139 1529 2203 dirissimarum
1552 2159 1679 2221 gen-

255 2226 401 2284 tium
432 2225 611 2283 vidior
633 2267 650 2293 ‚
689 2225 812 2302 plus
839 2244 1023 2284 tamen
1057 2225 1303 2286 vidioriae
1317 2265 1336 2295 ,
1366 2243 1529 2303 quam
1553 2240 1680 2303 praess

252 2305 346 2377 dae
376 2303 696 2382 deportavit
722 2326 790 2363 ex
819 2305 972 2367 Asia.
1636 2362 1639 2366 Α

342 2386 616 2446 Ceterum
648 2405 708 2445 ut
733 2388 1025 2466 cognitum
1062 2383 1137 2444 est
1163 2428 1179 2455 ,
1213 2385 1341 2442 alios
1367 2385 1564 2442 remitti
1589 2383 1677 2441 do-⁴

257 2491 408 2529 mum
430 2512 447 2531 ,
485 2469 615 2523 alios
651 2470 865 2522 retineri
883 2491 904 2533 ,-
933 2488 1263 2549 perpetuam
1289 2490 1414 2527 eum
1440 2468 1596 2547 regni
1611 2463 1677 2524 se-

256 2552 391 2612 dem
425 2551 479 2607 in
508 2548 645 2608 Asia
680 2549 1001 2610 habiturum
1027 2550 1166 2619 rati,
1205 2548 1477 2611 vecordes
1501 2555 1556 2610 &
1578 2543 1678 2609 dif-

259 2634 483 2715 ciplinae
516 2631 764 2692 militaris
798 2634 1153 2692 immemores
1177 2677 1193 2702 ‚
1229 2631 1499 2700 seditiosis
1535 2628 1680 2691 voci-

259 2715 370 2794 bus
389 2712 560 2779 castra
582 2713 874 2797 complent
889 2756 912 2800 ἑ
934 2734 1239 2799 regemque
1260 2712 1501 2780 ferocius
1523 2729 1679 2795 quam
