1690 3067
197 97 463 152 LIVRE
506 101 560 148 V.
602 91 1061 144 CHAPITRE
1096 89 1240 140 ΧΠ.
1360 87 1441 154 ,33

30 192 143 252 Ite,
187 188 364 266 inquit
394 227 410 253 ,
454 181 693 239 consulite
733 175 914 245 vobis,
955 175 1028 230 ad
1067 176 1310 228 ultimum
1341 175 1445 252 regi

29 269 182 341 vestro
206 311 223 338 ,
263 286 317 322 ut
342 262 548 321 decebat
569 304 584 330 ‚
607 257 717 336 fide
742 255 983 314 exhibita.
1022 260 1129 333 Ego
1163 254 1246 309 hic
1282 256 1443 332 legem

20 341 133 427 fati
171 350 271 404 mei
293 348 524 426 exspeHO.
560 348 608 399 F
614 342 800 397 orsitan
838 337 1035 393 mireris
1058 379 1074 399 ,
1111 332 1444 412 qnodfvitam

29 452 129 486 non
141 431 335 504 finiam
354 434 378 482 ,Ρ
400 428 563 482 alieno
578 423 759 497 sitelere
779 464 795 483 ,
830 439 988 496 quam
1023 437 1128 470 meo
1155 418 1290 471 mori
1319 436 1443 470 ma-

29 513 92 567 lo.
119 509 246 568 Post
271 510 411 566 hanc
450 526 652 565 vocem
681 499 852 580 spado
877 502 1088 578 gemitu
1118 516 1232 554 non
1266 495 1442 554 modo

29 589 482 660 tabernaculum3
511 584 605 643 sed
637 585 799 641 etiam
821 579 990 639 castra
1016 577 1340 656 complevit.
1361 575 1448 635 Ir-

28 694 224 751 rupere
251 670 450 730 deinde
482 668 601 733 alii,
630 664 992 742 laceratisque
1015 658 1258 720 vestibus
1282 657 1444 738 lugu÷

29 755 193 814 bri&
220 751 457 811 barbaro
488 747 700 806 ululatu
725 766 913 823 regem
940 741 1231 821 deplorare
1257 761 1448 818 coepe-

0 906 1 913 *
29 855 175 894 runt.
192 834 370 892 Persae
386 874 402 900 ,
429 829 500 890 ad
524 828 649 889 illos
674 826 914 886 clamore
940 823 1156 903 perlato
1177 865 1194 890 ,
1218 822 1447 880 attoniti

29 934 215 982 metu',
242 936 343 973 nec
370 934 517 970 arma
538 929 733 989 capere
756 950 770 975 ‚
799 928 867 964 ne
887 910 944 965 in
967 905 1288 963 Bae'ffianos
1310 904 1447 962 inci-

31 996 266 1066 derent3
301 1015 401 1052 nec
426 997 709 1073 quiescere
735 987 1047 1054 audebant,
1069 1005 1136 1042 ne
1160 985 1325 1063 impie
1347 984 1444 1043 de-

30 1099 210 1137 serere
249 1097 436 1154 regern
479 1071 817 1132 viderentur.
853 1067 1052 1126 Varius
1084 1086 1148 1125 ac
1186 1063 1444 1123 dissonus

32 1158 238 1216 clamor
263 1162 375 1216 sine
411 1155 553 1213 duce
580 1173 641 1211 ac
669 1152 780 1208 sine
818 1150 1050 1227 imperio
1090 1150 1224 1206 totis
1258 1145 1449 1206 castris

31 1236 388 1298 referebatur.
420 1237 596 1295 Besso
622 1236 678 1291 ἃ
706 1231 1022 1289 Nabarzani
1051 1232 1445 1287 nuntiaverant

31 1317 109 1377 sui
126 1363 141 1388 ‚
167 1340 326 1397 regem
351 1338 383 1372 a
409 1319 667 1394 semetipso
692 1316 1011 1367 interemtum
1037 1331 1152 1367 esse.
1188 1308 1449 1367 Plancstus

33 1422 126 1459 eos
150 1399 467 1477 deceperat.
497 1396 699 1470 Itaque
733 1393 915 1452 citatis
947 1396 1103 1471 equis
1134 1389 1403 1449 advolant
1423 1431 1445 1459 ‚

29 1479 383 1561 sequentibus
407 1523 421 1547 ,
453 1499 593 1558 quos
624 1474 692 1534 ad
719 1471 1073 1532 ministerium
1097 1470 1313 1530 sceleris
1341 1470 1446 1530 de·

31 1561 278 1641 legerant
307 1582 318 1618 :
362 1564 419 1618 &
464 1582 592 1618 cum
642 1553 1063 1615 tabernaculum
1105 1554 1398 1612 intrassent
1424 1593 1443 1621 ,

33 1647 156 1722 qnia
198 1663 357 1721 ngem
392 1643 567 1695 vivere
601 1636 870 1717 spadones
904 1634 1225 1695 indicabant
1249 1675 1266 1702 ,
1307 1655 1447 1690 com-

27 1722 274 1805 prehendi
296 1724 588 1798 vincirique
613 1724 907 1798 jusserunt.

59 1824 63 1828 “
116 1802 234 1862 Rex
271 1823 435 1862 curru
469 1801 793 1881 pauloante
826 1798 1016 1857 veeius
1043 1839 1059 1864 ‚
1099 1799 1157 1856 &
1184 1794 1444 1856 Deorum

35 1884 63 1945 a
87 1883 190 1965 suis
209 1882 514 1943 honoribus
539 1884 717 1940 cultus
738 1923 753 1949 ,
788 1878 933 1937 nulla
963 1898 1189 1937 externa
1219 1898 1325 1957 ope
1349 1876 1446 1935 ad-

34 1964 186 2024 mota
209 2009 227 2035 ,
265 1967 519 2043 captivus
552 1962 833 2023 servorum
873 1958 1135 2028 suorum,
1178 1960 1233 2016 in
1274 1956 1450 2017 sordi-

37 2047 168 2105 dum
209 2046 526 2105 vehiculum
566 2042 804 2121 pellibus
842 2040 1090 2119 undique
1127 2041 1450 2098 contedium

37 2129 357 2207 imponitur.
391 2125 633 2183 Pecunia
659 2125 845 2202 regis,
884 2127 940 2181 ὃς
965 2119 1210 2200 supellex
1237 2136 1253 2189 ’,
1288 2121 1450 2200 quasi

41 2212 154 2287 jure
180 2208 310 2267 belli
333 2206 586 2287 diripitur
608 2248 624 2274 ,
652 2202 941 2282 onustique
966 2202 1152 2281 praeda
1173 2243 1190 2270 ,
1215 2223 1314 2280 per
1333 2199 1452 2259 sce·

42 2288 125 2347 lus
149 2289 396 2349 ultimum
424 2307 580 2368 parta
603 2330 619 2355 ,
651 2284 839 2363 fugam
866 2283 1181 2342 intendunt.
1203 2282 1450 2341 Artaba-

40 2390 139 2426 zus
164 2391 289 2428 curn
312 2371 405 2437 iis,
427 2373 524 2448 qui
544 2369 774 2446 imperio
801 2365 1099 2445 parebant,
1120 2365 1448 2442 Graecisque

41 2449 304 2508 militibus
338 2450 662 2507 Parthienen
707 2448 974 2526 petebat,
1013 2447 1195 2505 omnia
1239 2446 1449 2504 tutiora

40 2529 430 2608 parricidarum
458 2533 712 2602 contuitu
740 2547 906 2586 ratus·
933 2527 1112 2586 Persae
1129 2571 1145 2597 ‚
1165 2527 1448 2605 promissis

41 2612 199 2669 Bessi
233 2613 480 2680 onerati3
520 2613 752 2669 maxime
778 2610 902 2688 quia
935 2630 1098 2668 nemo
1131 2608 1268 2667 alius
1294 2626 1446 2674 erat,

43 2696 206 2771 quem
229 2690 583 2771 sequerentur
605 2713 638 2765 3
660 2693 997 2770 conjunxere
1024 2687 1073 2749 se
1101 2688 1405 2748 Baetrianis
1428 2729 1445 2756 ‚

1160 2786 1209 2834 D
1241 2787 1286 2850 vj
