1690 3067
220 85 316 143 ,ass
513 84 1421 152 QUINTE-CURCE,

305 172 414 230 His
436 170 628 230 animis
649 190 837 249 regem
862 168 1159 229 audierunt
1178 215 1193 234 ,
1218 191 1281 230 ut
1302 174 1411 251 jam
1436 172 1649 255 cepisse

220 255 490 318 verticem
532 250 875 311 viderentur.
918 250 1263 332 Dimissique
1302 253 1515 314 ferreos
1552 278 1654 315 cu-

223 356 394 405 neos,
429 353 571 418 quos
606 335 749 395 inter
771 330 894 391 saxa
929 331 1240 413 defigerent
1262 377 1277 403 ‚
1316 336 1652 417 validosque

220 415 380 483 funes
424 414 710 495 parabant·
762 413 889 474 Rex
932 416 1339 480 circumveelus
1388 438 1600 497 petram
1625 461 1645 491 ‚

151 524 158 531 ·
223 521 333 579 qua
365 500 589 564 minime
623 517 783 575 asper
817 518 880 555 ac
917 517 1232 578 praeruptus
1264 497 1445 559 aditus
1483 499 1648 560 vide*

221 582 429 652 batur3
469 577 706 638 secunda
740 577 929 657 vigilia
952 621 967 647 ,
1004 578 1160 659 quod
1193 579 1336 640 bene
1367 600 1647 655 verteret,

219 661 439 741 ingredi
469 660 645 738 jubet.
670 658 764 722 Illi
788 659 1059 718 alimentis
1080 662 1133 718 in
1157 660 1391 722 biduum
1413 660 1601 722 sumtis
1623 706 1643 738 ‚

219 742 418 827 gladiis
451 739 624 799 modo
647 759 814 828 atque
841 740 1000 800 hastis
1025 744 1218 803 armati
1242 742 1423 807 subire
1459 765 1647 824 eoepe-

222 843 374 884 runt.
408 823 501 882 Ac
525 823 705 901 primo
732 822 967 902 pedibus
990 825 1221 904 ingressi
1247 823 1406 887 sunt:
1441 824 1645 889 deinde

221 926 285 966 ut
325 907 380 963 in
418 923 700 986 praerupta
740 924 1074 991 perventum
1112 904 1226 975 est,
1267 908 1354 966 alii
1388 907 1643 972 manibus

220 991 523 1049 eminentia
553 985 679 1046 saxa
709 986 991 1066 complexi
1018 987 1277 1048 levavere
1309 986 1481 1048 semet
1499 1011 1520 1063 3
1556 988 1646 1055 alii

221 1070 446 1149 adjeffis
473 1067 688 1134 funium
719 1068 932 1150 laqueis
970 1090 1191 1130 evasere
1214 1112 1232 1139 ,
1270 1092 1397 1129 cum
1434 1091 1645 1132 cuneos

221 1156 366 1214 inter
391 1151 516 1214 saxa
540 1149 852 1230 defigerent
874 1194 890 1220 ,
936 1151 1137 1232 quibus
1173 1151 1378 1232 gradus
1412 1150 1645 1219 subinde

220 1231 551 1297 insisterent.
608 1232 778 1293 Diem
822 1233 966 1292 inter
1014 1252 1227 1296 metum
1281 1233 1645 1312 laboremque

222 1314 673 1376 consumseruntj
703 1312 807 1372 Per
831 1336 1019 1395 aspera
1042 1315 1217 1373 enixis
1242 1314 1464 1374 duriora
1487 1314 1646 1375 resta-

221 1399 359 1458 bant
383 1440 399 1467 ,
436 1400 495 1456 ἃ,
536 1417 786 1461 crescere
831 1395 1074 1464 altitudo
1113 1417 1285 1475 petrae
1326 1395 1644 1464 videbatur}

221 1479 330 1539 Illa
356 1501 493 1539 vero
527 1476 854 1540 miserabilis
875 1497 991 1537 erat
1022 1476 1222 1548 facieS,
1253 1500 1381 1538 cum
1405 1480 1442 1544 ii
1463 1522 1478 1547 ‚
1502 1498 1645 1558 quos

221 1560 486 1623 instabilis
530 1561 736 1641 gradus
772 1557 1042 1619 fefellerat
1066 1603 1084 1630 ,
1128 1581 1199 1619 ex
1241 1561 1517 1640 praecipiti
1553 1559 1644 1618 de·

219 1643 604 1706 volverentur.
639 1641 782 1702 Mox
808 1641 1003 1705 eadem
1026 1647 1081 1702 in
1113 1641 1165 1701 se
1201 1642 1460 1720 patienda
1485 1640 1647 1708 alieni
1674 1670 1676 1679 ’

220 1747 380 1785 casus
423 1722 752 1784 ostendebat
794 1723 1132 1803 exemplum.
1183 1723 1288 1782 Per
1327 1724 1424 1784 has
1459 1743 1644 1789 tamen

221 1807 582 1868 difficultates
640 1806 928 1865 enituntur
969 1807 1023 1873 in
1079 1806 1346 1865 verticem
1396 1806 1600 1865 montis
1622 1847 1642 1876 ,

221 1911 416 1951 omnes
456 1887 786 1966 fatigatione
821 1888 1134 1947 continuati
1173 1887 1380 1958 laboris
1421 1886 1643 1963 affeffl3

220 1970 447 2053 quidam
468 1970 688 2029 multati
708 1988 864 2048 parte
885 1970 1263 2036 membrorum
1282 1992 1300 2042 3
1326 1969 1640 2049 pariterque

222 2075 320 2113 eos
342 2056 399 2112 δε
421 2073 534 2111 nox
559 2055 617 2110 &
642 2049 865 2110 somnus
895 2051 1189 2131 oppressit.
1224 2049 1421 2109 Stratis
1443 2053 1639 2130 passim

221 2134 556 2214 corporibus
583 2135 638 2200 in
668 2134 827 2193 inviIS
850 2135 907 2192 ὃς
934 2134 987 2192 in
1011 2137 1219 2212 asperis
1237 2131 1492 2191 saxorum
1509 2176 1525 2201 ,
1549 2136 1640 2212 ped

220 2217 382 2277 riculi
400 2214 646 2274 instantis
667 2214 828 2279 obliti
850 2215 903 2273 in
931 2216 1113 2276 lucem
1138 2214 1501 2293 quieverunt:
1523 2223 1642 2281 tan*

225 2300 468 2376 demque
498 2295 654 2355 velut
686 2317 754 2355 ex
783 2295 899 2355 alto
929 2295 1128 2373 sopore
1158 2295 1424 2364 excitati,
1455 2293 1638 2357 occul·

222 2400 306 2441 tas
337 2377 715 2456 subjeetasque
750 2377 884 2455 ipsis
917 2377 1086 2434 valles
1123 2377 1424 2449 rimantes,
1468 2373 1637 2457 ignari

224 2464 281 2521 in
308 2481 416 2540 qua
443 2477 600 2538 parte
635 2477 807 2538 petrae
836 2476 990 2516 tanta
1025 2458 1106 2517 vis
1142 2456 1378 2522 hostiurn
1415 2456 1662 2521 conditas

214 2550 409 2603 esset:
440 2540 652 2605 fumum
685 2537 878 2618 specus
909 2535 1046 2603 infra
1076 2537 1129 2597 se
1164 2540 1313 2618 ipsos
1352 2539 1633 2603 evolutum
1667 2563 1679 2622 ζ

226 2641 584 2683 notaverunt.
633 2620 723 2681 Ex
775 2642 891 2701 quo
934 2619 1274 2681 intelleemm
1317 2619 1392 2678 est
1422 2663 1439 2689 ,
1491 2619 1633 2686 illam
1668 2624 1690 2679 25ss

224 2704 463 2780 hostiurn
489 2703 760 2777 latebram
785 2723 921 2773 esse.
953 2700 1155 2793 Itaque
1184 2700 1345 2770 hastis
1374 2703 1636 2792 imposue-
1680 2738 1690 2760 ε

1576 2797 1634 2858 11⁵
