1690 3067
196 103 265 151 40
473 86 1370 158 QUINTE-CURCLQ

286 174 337 233 C
361 190 398 231 A
425 193 479 232 P.
514 173 588 234 V.
622 174 747 234 Rex
783 175 985 235 eodem
1010 177 1143 235 loco
1168 222 1184 247 ,
1230 199 1346 256 quo
1384 177 1624 239 hostium

192 261 387 335 copias
429 254 650 316 fuderat
683 301 698 326 ,
756 258 924 316 castra
976 261 1365 317 communivit.
1419 261 1623 333 Quan-

190 357 361 416 quam
398 339 543 396 enim
593 339 840 420 undique
886 338 1064 420 fugati
1108 339 1289 399 hostes
1331 341 1620 403 vietoriam

190 439 587 479 concesserant
622 440 642 490 3
679 441 866 481 tamen
904 422 1146 501 praealtae
1191 423 1621 503 praecipitesque

187 496 352 559 fossae
387 543 403 568 ,
458 501 711 580 pluribus
762 502 901 561 locis
943 504 1177 583 objeetae
1213 547 1229 572 ,
1282 503 1620 583 abruperant

186 581 330 640 iter:
358 579 665 661 sensimque
691 587 747 642 &
775 605 938 644 caute
964 585 1441 666 progrediendum
1466 606 1624 660 erat3

186 665 298 743 jam
323 684 436 721 non
464 662 699 722 hostiurn
724 709 737 732 ‚
765 664 859 724 sed
888 666 1144 725 locorum
1167 665 1360 725 fraude
1388 666 1619 747 suspec÷

187 764 265 803 ta.
291 745 630 806 Procedenti
654 748 701 805 ei
728 746 901 806 literae
934 747 1246 807 redduntur
1272 771 1300 807 a
1321 747 1579 809 Tiridate
1599 793 1619 819 ‚

187 824 421 886 custode
453 828 620 906 regiae
644 830 895 907 pecuniae
917 873 932 898 ,
970 829 1279 890 indicantes
1303 873 1319 898 ,
1368 852 1443 885 eos
1468 874 1486 900 ‚
1527 834 1620 908 qm·

185 910 245 961 in
265 906 391 963 urbe
418 928 572 963 essent
590 952 606 977 ,
632 909 811 965 audito
835 916 937 982 ejus
961 909 1195 967 adventu
1214 956 1231 975 ,
1265 909 1487 990 diripere
1507 914 1618 968 vel.

184 991 232 1044 le
252 987 505 1044 thesauros
528 1014 548 1055 ,-
579 1009 861 1071 properaret
887 1010 1130 1073 occupare
1153 1019 1170 1047 .·
1202 990 1496 1072 expeditum
1519 995 1616 1057 iter

186 1092 319 1134 esse,
361 1092 666 1149 quanquam
707 1077 907 1129 Amr-:es
946 1076 1115 1129 amnis
1147 1073 1431 1149 interfluat.
1461 1074 1614 1134 Nul-

185 1151 295 1210 lam
322 1158 589 1214 virtutem
615 1159 762 1234 regis
786 1155 935 1214 istius
963 1160 1137 1235 magis
1156 1199 1171 1224 ‚
1207 1177 1373 1235 quam
1415 1155 1617 1216 celeri—

183 1253 359 1293 tatem
404 1233 769 1296 laudaverim.
809 1237 1038 1297 Reliffis
1074 1239 1219 1296 enim
1261 1235 1612 1315 pedestribus

182 1317 359 1394 copiis
381 1361 395 1385 ,
433 1337 556 1376 tota
577 1320 738 1376 nocte
765 1341 891 1378 curn
920 1318 1203 1400 equitibus
1227 1363 1242 1387 ,
1265 1319 1475 1378 itineris
1496 1340 1616 1378 tan-

181 1418 245 1456 to
268 1396 442 1477 spatio
468 1397 709 1479 fatigatis
730 1443 745 1469 ,
775 1400 845 1460 ad
870 1401 1100 1460 Araxen
1128 1403 1300 1481 prima
1327 1400 1455 1459 luce
1480 1422 1611 1478 per·

179 1483 357 1540 venit.
386 1479 514 1540 Vici
545 1502 702 1540 erant
726 1484 777 1540 in
810 1488 1179 1563 propinquo3
1216 1483 1420 1562 quibus
1453 1481 1610 1540 diru-

180 1567 250 1620 tis
272 1606 287 1631 ,
325 1583 557 1641 pontem
584 1585 651 1622 ex
677 1569 902 1625 materia
926 1587 1121 1625 eorum
1140 1608 1156 1633 ,
1183 1562 1419 1623 subditis
1438 1562 1613 1635 saxiS,

145 1699 150 1712 „
179 1641 397 1703 strenue
420 1645 661 1705 induxit.

265 1727 502 1807 Jamque
523 1726 672 1786 haud
692 1729 893 1808 procul
915 1729 1053 1787 urbe
1078 1747 1268 1797 erant3
1303 1750 1434 1787 cum
1455 1728 1614 1787 mise-

178 1807 353 1867 rabile
391 1830 590 1888 agmen
614 1852 630 1878 ‚
669 1811 811 1869 inter
857 1832 1031 1889 pauca
1069 1808 1311 1867 fortunae
1354 1809 1611 1890 exempla

177 1889 606 1950 memorandum
631 1935 645 1962 ‚
686 1898 807 1971 regi
855 1893 1120 1950 occurrit.
1181 1891 1413 1970 Captivi
1454 1910 1611 1951 erant

177 1973 367 2030 Graeci
389 1971 458 2030 ad
485 1992 726 2051 quatuor
753 1973 922 2032 millia
952 1972 1066 2032 fere
1087 2016 1103 2040 ‚
1140 1993 1283 2052 quos
1307 1974 1487 2032 Persae
1510 1996 1610 2034 va-

176 2055 261 2111 tio
296 2053 694 2133 suppliciorum
729 2055 902 2114 modo
940 2054 1261 2114 affecerant.
1301 2055 1470 2115 Alios
1507 2077 1611 2134 pe-

176 2135 343 2195 dibus
363 2179 378 2203 ‚
417 2136 692 2215 quosdam
718 2137 972 2197 manibus
996 2136 1338 2216 auribusque
1360 2157 1609 2217 amputa-

176 2224 247 2277 tis
268 2259 283 2285 ,
307 2218 617 2296 inustisque
635 2218 993 2279 barbararum
1021 2219 1303 2277 literarum
1329 2220 1475 2277 notis
1496 2260 1515 2287 ,
1550 2220 1608 2277 in

176 2298 412 2378 longum
434 2296 513 2356 sui
528 2299 831 2358 ludibrium
846 2318 1263 2361 reservaverant
1283 2320 1301 2370 3
1318 2303 1376 2360 δέ
1401 2322 1529 2359 curn
1553 2300 1608 2362 se

178 2401 407 2460 quoque
424 2379 612 2439 alienae
631 2380 858 2442 ditionis
874 2404 988 2441 esse
1006 2401 1298 2440 cernerent
1314 2405 1333 2454 3
1348 2381 1609 2444 volentes

177 2463 298 2540 regi
327 2483 622 2522 occurrere
648 2485 761 2522 non
788 2464 1206 2544 prohibuerant.
1241 2461 1513 2523 Inusitata
1538 2466 1607 2522 si-

176 2542 459 2602 mulachra
477 2587 493 2611 ‚
516 2564 629 2602 non
652 2547 901 2604 homines
924 2544 1122 2606 videba
1134 2564 1293 2615 ntur3
1315 2566 1418 2604 nec
1441 2546 1608 2625 quid-

177 2646 345 2703 quam
378 2630 434 2683 in
468 2624 573 2689 illis
611 2647 812 2705 praeter
853 2649 1054 2688 vocem
1092 2645 1315 2705 poterat
1348 2629 1604 2706 agnosci.

177 2705 373 2768 Plures
393 2708 564 2788 igitur
585 2707 836 2772 lacrimas
863 2729 1255 2781 commovere,
1285 2728 1452 2792 quam
1473 2729 1605 2790 pro-r
