1690 3067
197 116 298 165 492
487 98 1401 167 QUINTE-CURCE,

199 185 334 244 lutis
355 185 505 264 ipsos
537 182 814 264 proficere
842 184 1202 244 credentibus
1216 227 1235 254 ‚
1259 203 1530 265 quantum
1552 180 1636 245 iti-

198 268 350 328 neris
375 264 683 325 festinando
712 269 1095 347 praeriperent.

283 348 469 429 Igitur
491 350 584 428 qui
605 346 926 408 defecerant
942 392 959 417 ,
983 368 1151 407 notos
1174 350 1517 430 ignotosque
1533 391 1550 418 ,
1574 365 1638 407 ut

204 430 612 498 allevarentur,
631 431 888 490 orabant.
909 430 1024 490 Sed
1049 452 1153 489 nec
1174 433 1419 509 jumenta
1444 447 1600 489 erant
1617 471 1638 498 ,

201 513 408 594 quibus
433 514 619 594 excipi
642 532 909 592 possent3
944 516 1002 572 &
1028 514 1183 571 miles
1210 513 1302 572 vix
1330 531 1478 571 arma
1501 532 1639 592 por-

202 594 364 655 tabat
389 636 407 663 ,
452 596 902 674 imminentisque
947 594 1114 653 etiam
1148 595 1276 672 ipsis
1313 592 1481 653 facies
1513 591 1642 652 mal-i

205 695 339 737 ante
363 675 562 735 oculos
589 694 725 735 erat.
746 676 902 756 Ergo
922 673 1116 754 saepius
1135 677 1414 744 revocati,
1447 696 1513 734 ne
1535 672 1643 734 res-

208 760 402 839 picere
432 757 659 837 quidem
696 755 822 815 suos
859 755 1235 826 sustinebant3
1269 756 1645 816 misericordia

206 846 269 902 in
305 838 661 899 formidinem
704 861 879 900 versa.
923 837 1018 896 Illi
1047 838 1223 898 reliffi
1256 837 1415 898 Deos
1441 837 1603 898 testes
1623 879 1644 909 ‚

204 921 361 981 :sacra
384 922 731 990 communia,
758 925 1017 1001 regisque
1042 919 1419 998 implorabant
1445 940 1643 1000 opem:

209 1025 457 1083 cumque
492 1001 686 1062 frustra
713 1001 901 1061 surdas
927 1023 1082 1062 aures
1115 1000 1412 1080 fatigarent
1433 1045 1450 1071 ,
1485 1005 1538 1060 in
1564 1023 1646 1061 ra-

209 1086 363 1144 biem
399 1084 790 1164 desperatione
826 1086 1007 1154 versi,
1044 1104 1232 1164 parem
1262 1082 1360 1141 suo
1392 1085 1601 1143 exitum
1624 1125 1643 1153 ,

210 1165 532 1247 similesque
566 1167 694 1245 ipsis
727 1168 935 1225 amicos
969 1170 1025 1226 ὃς
1052 1165 1484 1225 contubernales
1513 1187 1648 1246 pre-f
1688 1139 1690 1213 l

210 1249 510 1308 cabantur.
529 1247 658 1307 Rex
678 1246 875 1306 dolore
897 1246 1058 1314 simul
1086 1269 1148 1306 ac
1178 1247 1395 1326 pudore
1418 1249 1610 1306 anxius
1628 1289 1650 1316 ,

208 1335 345 1410 quia
373 1351 537 1388 causa
562 1348 732 1388 tantae
760 1328 933 1388 cladis
957 1334 1074 1408 ipse
1106 1348 1286 1399 esset3
1318 1328 1388 1388 ad
1423 1329 1646 1388 Phrata-

207 1412 467 1491 phernen
500 1411 837 1470 Parthorum
885 1408 1156 1490 satrapem
1192 1412 1339 1470 misit
1371 1453 1387 1479 ,
1434 1412 1530 1491 qui
1565 1413 1647 1490 ju-

209 1494 379 1553 beret
416 1492 639 1552 camelis
673 1495 831 1552 coela
859 1492 1065 1552 cibaria
1092 1491 1286 1551 afferre
1310 1514 1322 1551 ε
1354 1492 1489 1552 alios
1511 1514 1646 1573 quo-

211 1595 327 1654 que
367 1573 729 1633 finitimarum
766 1575 1061 1654 regionum
1103 1573 1394 1653 praefe&os
1438 1577 1647 1634 certio-

214 1677 307 1716 res
349 1656 691 1715 necessitatis
731 1654 840 1713 suae
884 1654 1036 1714 fecit.
1090 1657 1217 1716 Nec
1257 1675 1531 1715 cessatum
1577 1652 1648 1714 est

213 1739 288 1798 ab
315 1738 417 1796 his.
444 1737 646 1818 Itaque
677 1736 822 1796 fame
856 1737 1126 1796 duntaxat
1159 1737 1474 1797 vindicatus
1502 1759 1650 1797 exer-

215 1821 403 1887 cituS‚
449 1819 678 1878 tandem
709 1821 761 1876 in
799 1817 1091 1878 Gedrosiae
1132 1817 1270 1878 fines
1308 1819 1647 1900 perducitur.

211 1901 500 1961 Omnium
527 1922 712 1959 rerum
743 1898 856 1960 sola
892 1899 1086 1960 fertilis
1123 1904 1278 1980 regio
1306 1901 1386 1960 est
1406 1944 1424 1970 ,
1458 1903 1512 1959 in
1545 1923 1649 1981 qua

215 1982 417 2044 stativa
444 1981 680 2051 habuit,
722 2002 784 2041 ut
815 2002 1052 2043 vexatos
1095 1983 1294 2042 milites
1335 1984 1520 2064 quiete
1560 1981 1650 2040 fir-

219 2084 422 2125 maret.
454 2064 572 2122 Hic
595 2063 877 2124 Leonnati
899 2064 1083 2123 literas
1105 2067 1308 2147 accipit
1326 2109 1342 2134 ,
1375 2064 1651 2141 conflixisse

220 2148 396 2227 ipsum
437 2166 558 2201 cum
596 2147 694 2201 0530
737 2144 967 2202 millibus
992 2145 1228 2227 peditum
1268 2146 1331 2204 &²
1370 2148 1650 2226 quingentis

220 2225 478 2304 equitibus
515 2229 843 2283 Horitarum
866 2271 883 2297 ,
915 2244 1141 2309 prospero
1179 2245 1380 2287 eventu.
1419 2227 1477 2284 A
1508 2227 1650 2286 Cra-

225 2326 352 2368 tero
375 2328 608 2388 quoque
634 2309 859 2367 nuntius
886 2311 1069 2378 venit,
1101 2312 1314 2365 Ozinen
1339 2308 1403 2366 (ἢ
1426 2312 1487 2363 Z
1491 2307 1649 2382 arias-

221 2407 323 2470 pen
358 2387 548 2444 nobiles
574 2392 786 2458 Persas,
821 2388 1146 2464 deftffionem
1181 2393 1437 2447 molientes
1470 2388 1649 2472 oppres-'-

218 2472 300 2547 sos
326 2470 429 2544 ase
453 2512 470 2539 ‚
499 2470 552 2524 in
578 2471 805 2525 vinculis
832 2492 944 2526 esse.

308 2551 621 2630 Praeposito
652 2550 822 2629 igitur
853 2554 1071 2633 regioni
1094 2554 1345 2636 Sibyrtio
1374 2555 1649 2632 (namque

229 2630 448 2691 Menon
487 2630 778 2711 praefec'tus
812 2637 929 2712 ejus
973 2657 1150 2715 nuper
1185 2636 1465 2695 interierat
1505 2653 1650 2693 mor-

230 2713 309 2773 bo
340 2717 365 2794 >
399 2719 455 2776 in
499 2713 854 2778 Carmaniam
899 2717 1015 2796 ipse
1050 2723 1345 2798 processit.
1385 2717 1650 2800 Aspastes
