1690 3067
205 83 272 135 <30
468 88 1372 157 QUINTE-CURCEJ

207 193 335 251 gem
363 171 434 231 ad
459 174 717 235 ultimum
743 177 964 238 invicia.
982 177 1362 258 Funditorum
1383 189 1638 259 quoq-neg

209 258 269 312 ἃ
299 251 710 335 sagittariorum
735 280 928 318 manus
961 279 1201 339 quatuor
1238 259 1405 319 millia
1441 261 1637 339 exple-

206 356 366 396 verat
386 379 402 406 ‚
429 358 631 419 praeter
667 341 769 399 hos
796 361 817 398 1
839 361 862 397 1
882 362 906 398 1
940 340 1109 400 millia
1152 345 1210 401 &
1253 359 1375 399 ccc
1420 343 1638 421 equites

208 437 404 488 erant,
445 423 683 480 maxime
728 422 1169 482 Baclrianorum.
1213 422 1421 482 Bessus
1454 443 1637 501 praee-

205 518 294 557 rat
320 542 338 569 ‚
381 501 687 562 Baclrianae
729 504 881 562 urbis
926 506 1282 584 regionisque
1322 502 1635 583 praefecluS.

211 580 362 641 Cum
396 583 506 643 hoc
556 590 775 664 agmine
816 584 1023 644 Darius
1066 586 1293 665 paulum
1333 584 1639 645 declinavit

212 664 301 721 via
332 664 590 735 militari,
617 668 772 744 jussis
795 666 1110 746 praecedere
1128 668 1252 726 lixis
1271 667 1637 746 impedimeri-

205 763 396 805 torum
421 746 765 808 custodibus,
805 748 1060 808 Consilio
1085 747 1286 808 deinde
1311 748 1638 818 advocato,

289 857 322 880 υ
349 829 409 887 Si
435 851 521 888 me
549 852 676 889 cum
703 831 916 910 ignavis
937 872 954 899 ‚
989 832 1193 909 inquit,
1221 833 1278 890 &
1303 830 1474 910 pluris
1501 852 1634 910 qua-

203 936 239 963 :n
265 910 622 991 lemcumque
646 916 820 972 vitam
844 909 1070 971 honesta
1105 931 1286 971 morte
1320 909 1634 973 aestimanti-

205 1019 239 1043 ω
269 990 373 1050 bus
399 1034 417 1061 ‚
464 990 688 1052 fortuna
735 994 1007 1073 junxisset
1036 1015 1057 1067 3
1102 1011 1347 1053 tacerem
1394 994 1580 1072 potius
1609 1035 1630 1065 ‚

202 1100 237 1125 :a
267 1095 434 1153 quam
458 1071 650 1133 frustra
676 1076 847 1135 verba
871 1096 1277 1134 consumerem.
1307 1074 1421 1134 Sed
1446 1077 1631 1152 majo-

202 1182 237 1206 1>
268 1177 324 1214 re
345 1198 361 1223 ‚
399 1178 566 1236 quam
601 1156 801 1216 vellem
820 1201 836 1226 ,
865 1156 1210 1216 documento
1229 1200 1244 1226 ,
1272 1160 1329 1215 &
1362 1161 1627 1219 virtutem

200 1264 236 1289 ω
265 1234 499 1297 vestram
526 1280 541 1305 ,
578 1242 636 1297 &
679 1237 849 1298 fidem
881 1259 1143 1318 expertus
1175 1259 1196 1308 3
1243 1239 1416 1318 magis
1459 1240 1628 1301 etiam

200 1346 235 1370 ω
265 1321 479 1378 conniti
504 1318 687 1379 debeo
708 1363 723 1390 ‚
753 1340 811 1379 ut
838 1319 1041 1400 dignus
1067 1319 1267 1379 talibus
1292 1321 1477 1378 amicis
1500 1322 1626 1389 sim,

200 1429 245 1476 :sa¹
263 1422 429 1482 quam
468 1400 723 1461 dubitare
749 1444 761 1468 ‚
804 1424 872 1461 an
903 1401 1067 1463 vestri
1099 1401 1298 1459 similes
1335 1400 1515 1460 adhuc
1550 1407 1628 1461 si-

203 1509 234 1532 κ
263 1485 351 1541 tis·
391 1483 481 1541 Ex
510 1502 598 1541 tot
630 1483 871 1542 millibus
895 1527 910 1552 ‚
949 1503 1074 1563 quae
1098 1480 1198 1540 sub
1237 1487 1474 1562 imperio
1498 1481 1624 1542 fue-

197 1591 231 1616 ω
262 1583 391 1623 runt
417 1586 544 1623 meo
561 1608 577 1632 ,
598 1564 682 1622 bis
707 1587 792 1624 me
815 1566 1051 1633 victum,
1074 1563 1157 1622 bis
1177 1561 1481 1644 fugientem
1503 1586 1627 1644 per-

199 1673 234 1696 :o
260 1644 436 1706 secuti
468 1644 605 1705 estis.
642 1646 813 1706 Fides
856 1644 1030 1707 vestra
1069 1649 1128 1704 &
1166 1643 1468 1705 constantia
1496 1689 1512 1715 ,
1560 1666 1625 1706 ut

198 1754 232 1779 a·
260 1749 448 1808 regem
475 1750 560 1787 me
587 1749 702 1787 esse
729 1726 951 1787 credam
970 1770 987 1796 ‚
1026 1725 1178 1785 facit.
1205 1727 1529 1786 Proditores
1563 1732 1623 1789 ὃς

197 1836 230 1859 ³³
258 1806 562 1889 transfugae
588 1810 641 1867 in
666 1809 897 1868 urbibus
918 1809 1051 1867 meis
1074 1828 1341 1887 regnant:
1365 1830 1476 1867 non
1499 1809 1622 1868 her-

196 1917 228 1941 »
257 1892 381 1950 cule
406 1894 500 1971 qui
524 1910 684 1950 tanto
716 1891 931 1951 honore
964 1890 1118 1969 digni
1140 1890 1491 1962 habeantur3
1525 1890 1621 1952 sed

194 1997 229 2023 τι»
258 1991 320 2030 ut
345 1973 582 2051 praemiis
610 1994 804 2031 eorum
840 1970 1003 2034 vestri
1027 1971 1397 2032 sollicitentur
1433 1974 1618 2033 animi.

198 2081 231 2105 ω
259 2052 449 2113 Meam
489 2073 673 2113 tamen
709 2050 988 2113 fortunam
1028 2076 1194 2136 quam
1235 2055 1456 2115 vicloris
1499 2077 1617 2114 ma-

193 2161 227 2185 a>
254 2132 423 2193 luistis
444 2133 597 2214 sequi
619 2156 636 2206 3
666 2135 1006 2215 dignissimi,
1035 2136 1238 2216 quibus
1259 2180 1276 2204 ‚
1302 2136 1345 2194 si
1371 2157 1479 2215 ego
1502 2158 1616 2195 non

194 2242 228 2266 :o
255 2217 461 2293 possim
481 2260 497 2284 ,
527 2216 625 2274 Dii
652 2239 755 2295 pro
785 2239 869 2274 me
891 2220 1122 2296 gratiam
1148 2215 1386 2276 referant
1405 2240 1430 2290 3
1448 2220 1504 2275 &
1528 2240 1616 2277 me

194 2323 230 2346 m
257 2297 480 2356 hercule
507 2296 763 2357 referent.
794 2298 966 2359 Nulla
988 2303 1090 2358 erit
1116 2318 1228 2357 tam
1252 2297 1411 2358 surda
1435 2298 1616 2378 poste-

191 2404 225 2428 ω
253 2379 418 2446 ritaS‚
455 2379 604 2439 nulla
639 2399 753 2438 tam
776 2384 990 2459 ingrata
1024 2379 1205 2449 fama3
1245 2401 1368 2460 quae
1406 2400 1518 2438 non
1557 2383 1613 2441 in

192 2486 225 2510 :n
255 2458 460 2517 coelum
497 2482 597 2519 vos
635 2460 835 2520 debitis
871 2460 1125 2520 laudibus
1170 2458 1330 2520 ferat.
1369 2460 1611 2542 Itaque,

194 2566 227 2590 :o
259 2542 468 2599 etiamsi
493 2542 783 2601 consilium
811 2540 955 2622 fugae
979 2585 994 2610 ,
1035 2565 1067 2602 a
1099 2564 1207 2622 qua
1245 2543 1483 2602 multum
1511 2543 1614 2602 ab-

186 2648 220 2671 :o
250 2620 438 2679 horret
462 2625 671 2681 animus
693 2667 707 2691 ‚
744 2626 1066 2704 agitassem3
1093 2621 1265 2683 vestra
1291 2644 1475 2682 tamen
1502 2627 1612 2684 vir·-

184 2727 218 2754 ω
246 2720 366 2762 tute
402 2701 573 2764 fretus
613 2705 836 2769 obviam
880 2706 1041 2768 issem
1083 2704 1245 2768 hosti.
1288 2706 1607 2788 Quousque
