<?xml version="1.0" encoding="UTF-8"?>
<!DOCTYPE html PUBLIC "-//W3C//DTD XHTML 1.0 Transitional//EN"
    "http://www.w3.org/TR/xhtml1/DTD/xhtml1-transitional.dtd">
<html xmlns="http://www.w3.org/1999/xhtml" xml:lang="en" lang="en">
 <head>
  <title>
</title>
<meta http-equiv="Content-Type" content="text/html;charset=utf-8" />
  <meta name='ocr-system' content='tesseract 3.04.00' />
  <meta name='ocr-capabilities' content='ocr_page ocr_carea ocr_par ocr_line ocrx_word'/>
</head>
<body>
  <div class='ocr_page' id='page_1' title='image "./histoiredalexand02curt_0150.png"; bbox 0 0 1690 3067; ppageno 0'>
   <div class='ocr_carea' id='block_1_1' title="bbox 121 88 1566 1336">
    <p class='ocr_par' dir='ltr' id='par_1_1' title="bbox 126 88 1332 167">
     <span class='ocr_line' id='line_1_1' title="bbox 126 88 1332 167; baseline 0.006 -22"><span class='ocrx_word' id='word_1_1' title='bbox 126 105 225 159; x_wconf 72' lang='lat'><strong>140</strong></span> <span class='ocrx_word' id='word_1_2' title='bbox 417 88 1332 167; x_wconf 59' lang='lat' dir='ltr'><strong>QUINTE-‘cssncng</strong></span> 
     </span>
    </p>

    <p class='ocr_par' dir='ltr' id='par_1_2' title="bbox 121 185 1566 1336">
     <span class='ocr_line' id='line_1_2' title="bbox 121 185 1553 268; baseline 0.004 -26"><span class='ocrx_word' id='word_1_3' title='bbox 121 204 178 242; x_wconf 87' lang='lat' dir='ltr'><strong>te</strong></span> <span class='ocrx_word' id='word_1_4' title='bbox 217 206 511 267; x_wconf 85' lang='lat' dir='ltr'><strong>correptus</strong></span> <span class='ocrx_word' id='word_1_5' title='bbox 543 229 560 255; x_wconf 88' lang='lat'><strong><em>,</em></strong></span> <span class='ocrx_word' id='word_1_6' title='bbox 605 208 810 268; x_wconf 85' lang='lat' dir='ltr'><strong>magno</strong></span> <span class='ocrx_word' id='word_1_7' title='bbox 855 185 1135 246; x_wconf 84' lang='lat' dir='ltr'><strong>desiderio</strong></span> <span class='ocrx_word' id='word_1_8' title='bbox 1172 187 1252 246; x_wconf 89' lang='lat' dir='ltr'><strong>sui</strong></span> <span class='ocrx_word' id='word_1_9' title='bbox 1289 187 1553 249; x_wconf 69' lang='lat' dir='ltr'><strong>affecerat</strong></span> 
     </span>
     <span class='ocr_line' id='line_1_3' title="bbox 122 267 1552 351; baseline 0.003 -27"><span class='ocrx_word' id='word_1_10' title='bbox 122 269 374 326; x_wconf 74' lang='lat' dir='ltr'><strong>cuncstos,</strong></span> <span class='ocrx_word' id='word_1_11' title='bbox 423 267 549 326; x_wconf 81' lang='lat' dir='ltr'><strong>Rex</strong></span> <span class='ocrx_word' id='word_1_12' title='bbox 593 289 720 328; x_wconf 89' lang='lat' dir='ltr'><strong>ante</strong></span> <span class='ocrx_word' id='word_1_13' title='bbox 775 291 969 330; x_wconf 88' lang='lat' dir='ltr'><strong>omnes</strong></span> <span class='ocrx_word' id='word_1_14' title='bbox 1017 268 1238 330; x_wconf 84' lang='lat' dir='ltr'><strong>moestus</strong></span> <span class='ocrx_word' id='word_1_15' title='bbox 1287 271 1552 351; x_wconf 77' lang='lat' dir='ltr'><strong>cupiebat</strong></span> 
     </span>
     <span class='ocr_line' id='line_1_4' title="bbox 122 346 1555 432; baseline 0.004 -26"><span class='ocrx_word' id='word_1_16' title='bbox 122 347 354 427; x_wconf 85' lang='lat' dir='ltr'><strong>quidem</strong></span> <span class='ocrx_word' id='word_1_17' title='bbox 377 346 666 410; x_wconf 85' lang='lat' dir='ltr'><strong>subsistere</strong></span> <span class='ocrx_word' id='word_1_18' title='bbox 694 349 874 411; x_wconf 89' lang='lat' dir='ltr'><strong>funeri</strong></span> <span class='ocrx_word' id='word_1_19' title='bbox 899 349 1191 410; x_wconf 85' lang='lat' dir='ltr'><strong>adfuturus</strong></span> <span class='ocrx_word' id='word_1_20' title='bbox 1213 374 1231 425; x_wconf 82' lang='lat'>3</span> <span class='ocrx_word' id='word_1_21' title='bbox 1263 351 1356 412; x_wconf 87' lang='lat' dir='ltr'><strong>sed</strong></span> <span class='ocrx_word' id='word_1_22' title='bbox 1381 374 1555 432; x_wconf 83' lang='lat' dir='ltr'><strong>penu-</strong></span> 
     </span>
     <span class='ocr_line' id='line_1_5' title="bbox 123 432 1556 515; baseline 0.003 -27"><span class='ocrx_word' id='word_1_23' title='bbox 123 432 204 489; x_wconf 83' lang='lat' dir='ltr'><strong>ria</strong></span> <span class='ocrx_word' id='word_1_24' title='bbox 259 451 677 492; x_wconf 79' lang='lat' dir='ltr'><strong>commeatuum</strong></span> <span class='ocrx_word' id='word_1_25' title='bbox 725 432 975 493; x_wconf 84' lang='lat' dir='ltr'><strong>festinare</strong></span> <span class='ocrx_word' id='word_1_26' title='bbox 1035 434 1296 514; x_wconf 80' lang='lat' dir='ltr'><strong>cogebat.</strong></span> <span class='ocrx_word' id='word_1_27' title='bbox 1350 432 1556 515; x_wconf 83' lang='lat' dir='ltr'><strong>Itaque</strong></span> 
     </span>
     <span class='ocr_line' id='line_1_6' title="bbox 121 511 1556 597; baseline 0.003 -27"><span class='ocrx_word' id='word_1_28' title='bbox 121 511 372 571; x_wconf 87' lang='lat' dir='ltr'><strong>Philotas</strong></span> <span class='ocrx_word' id='word_1_29' title='bbox 393 536 523 573; x_wconf 90' lang='lat' dir='ltr'><strong>cum</strong></span> <span class='ocrx_word' id='word_1_30' title='bbox 550 516 870 578; x_wconf 81' lang='lat' dir='ltr'><strong>11&#39;millibus</strong></span> <span class='ocrx_word' id='word_1_31' title='bbox 898 521 955 576; x_wconf 63' lang='grc' dir='ltr'><strong>ὃς</strong></span> <span class='ocrx_word' id='word_1_32' title='bbox 982 535 1067 574; x_wconf 87' lang='lat' dir='ltr'><strong>DC</strong></span> <span class='ocrx_word' id='word_1_33' title='bbox 1092 516 1343 585; x_wconf 61' lang='lat' dir='ltr'><strong>relielus,</strong></span> <span class='ocrx_word' id='word_1_34' title='bbox 1366 537 1429 575; x_wconf 86' lang='lat' dir='ltr'><strong>ut</strong></span> <span class='ocrx_word' id='word_1_35' title='bbox 1449 515 1556 597; x_wconf 81' lang='lat' dir='ltr'><strong>jus-</strong></span> 
     </span>
     <span class='ocr_line' id='line_1_7' title="bbox 123 592 1557 679; baseline 0.003 -27"><span class='ocrx_word' id='word_1_36' title='bbox 123 612 182 653; x_wconf 84' lang='lat' dir='ltr'><strong>ta</strong></span> <span class='ocrx_word' id='word_1_37' title='bbox 210 592 367 653; x_wconf 87' lang='lat' dir='ltr'><strong>fratri</strong></span> <span class='ocrx_word' id='word_1_38' title='bbox 399 595 785 675; x_wconf 67' lang='lat' dir='ltr'><strong>persolveretg</strong></span> <span class='ocrx_word' id='word_1_39' title='bbox 820 600 934 679; x_wconf 83' lang='lat' dir='ltr'><strong>ipse</strong></span> <span class='ocrx_word' id='word_1_40' title='bbox 977 599 1268 658; x_wconf 76' lang='lat' dir='ltr'>contendit</span> <span class='ocrx_word' id='word_1_41' title='bbox 1309 598 1379 657; x_wconf 84' lang='lat' dir='ltr'><strong>ad</strong></span> <span class='ocrx_word' id='word_1_42' title='bbox 1416 597 1557 657; x_wconf 84' lang='lat' dir='ltr'><strong>Bes-</strong></span> 
     </span>
     <span class='ocr_line' id='line_1_8' title="bbox 124 673 1557 740; baseline 0.003 -7"><span class='ocrx_word' id='word_1_43' title='bbox 124 673 264 737; x_wconf 86' lang='lat' dir='ltr'><strong>sum.</strong></span> <span class='ocrx_word' id='word_1_44' title='bbox 297 675 417 736; x_wconf 89' lang='lat' dir='ltr'><strong>Iter</strong></span> <span class='ocrx_word' id='word_1_45' title='bbox 439 676 664 738; x_wconf 80' lang='lat' dir='ltr'>facienti</span> <span class='ocrx_word' id='word_1_46' title='bbox 697 681 872 740; x_wconf 80' lang='lat' dir='ltr'><strong>literae</strong></span> <span class='ocrx_word' id='word_1_47' title='bbox 908 682 954 739; x_wconf 88' lang='lat' dir='ltr'><strong>ei</strong></span> <span class='ocrx_word' id='word_1_48' title='bbox 982 678 1287 739; x_wconf 76' lang='lat' dir='ltr'><strong>afferuntur</strong></span> <span class='ocrx_word' id='word_1_49' title='bbox 1320 703 1347 739; x_wconf 90' lang='lat' dir='ltr'><strong>a</strong></span> <span class='ocrx_word' id='word_1_50' title='bbox 1381 679 1557 740; x_wconf 78' lang='lat' dir='ltr'><strong>finiti-</strong></span> 
     </span>
     <span class='ocr_line' id='line_1_9' title="bbox 126 757 1557 843; baseline 0.004 -27"><span class='ocrx_word' id='word_1_51' title='bbox 126 763 229 818; x_wconf 83' lang='lat' dir='ltr'><strong>mis</strong></span> <span class='ocrx_word' id='word_1_52' title='bbox 256 757 637 839; x_wconf 81' lang='lat' dir='ltr'><strong>satraparum3</strong></span> <span class='ocrx_word' id='word_1_53' title='bbox 678 784 705 821; x_wconf 93' lang='lat' dir='ltr'><strong>e</strong></span> <span class='ocrx_word' id='word_1_54' title='bbox 732 763 934 843; x_wconf 88' lang='lat' dir='ltr'><strong>quibus</strong></span> <span class='ocrx_word' id='word_1_55' title='bbox 958 764 1251 842; x_wconf 73' lang='lat' dir='ltr'>cognoscit</span> <span class='ocrx_word' id='word_1_56' title='bbox 1271 805 1287 831; x_wconf 84' lang='lat'><em>‚</em></span> <span class='ocrx_word' id='word_1_57' title='bbox 1319 763 1557 822; x_wconf 81' lang='lat' dir='ltr'><strong>Bessum</strong></span> 
     </span>
     <span class='ocr_line' id='line_1_10' title="bbox 129 840 1554 920; baseline 0.003 -21"><span class='ocrx_word' id='word_1_58' title='bbox 129 840 357 920; x_wconf 83' lang='lat' dir='ltr'><strong>quidem</strong></span> <span class='ocrx_word' id='word_1_59' title='bbox 381 842 562 901; x_wconf 85' lang='lat' dir='ltr'><strong>hostili</strong></span> <span class='ocrx_word' id='word_1_60' title='bbox 581 845 765 904; x_wconf 90' lang='lat' dir='ltr'><strong>animo</strong></span> <span class='ocrx_word' id='word_1_61' title='bbox 790 866 1086 905; x_wconf 84' lang='lat' dir='ltr'><strong>occurrere</strong></span> <span class='ocrx_word' id='word_1_62' title='bbox 1113 867 1239 903; x_wconf 91' lang='lat' dir='ltr'><strong>cum</strong></span> <span class='ocrx_word' id='word_1_63' title='bbox 1266 841 1554 903; x_wconf 77' lang='lat' dir='ltr'><strong>exercitu:</strong></span> 
     </span>
     <span class='ocr_line' id='line_1_11' title="bbox 128 924 1561 1006; baseline 0.003 -26"><span class='ocrx_word' id='word_1_64' title='bbox 128 943 378 982; x_wconf 87' lang='lat' dir='ltr'><strong>ceterum</strong></span> <span class='ocrx_word' id='word_1_65' title='bbox 404 925 822 985; x_wconf 84' lang='lat' dir='ltr'><strong>Satibarzanem</strong></span> <span class='ocrx_word' id='word_1_66' title='bbox 844 972 860 997; x_wconf 82' lang='lat'>‚</span> <span class='ocrx_word' id='word_1_67' title='bbox 903 948 1069 1006; x_wconf 86' lang='lat' dir='ltr'><strong>quem</strong></span> <span class='ocrx_word' id='word_1_68' title='bbox 1101 925 1352 1005; x_wconf 76' lang='lat' dir='ltr'>satrapen</span> <span class='ocrx_word' id='word_1_69' title='bbox 1392 924 1561 985; x_wconf 56' lang='lat' dir='ltr'><strong>Ar10÷</strong></span> 
     </span>
     <span class='ocr_line' id='line_1_12' title="bbox 130 1006 1560 1088; baseline 0.004 -26"><span class='ocrx_word' id='word_1_70' title='bbox 130 1026 254 1064; x_wconf 87' lang='lat' dir='ltr'><strong>rum</strong></span> <span class='ocrx_word' id='word_1_71' title='bbox 285 1010 403 1085; x_wconf 86' lang='lat' dir='ltr'><strong>ipse</strong></span> <span class='ocrx_word' id='word_1_72' title='bbox 428 1006 800 1086; x_wconf 75' lang='lat' dir='ltr'><strong>praefecisset,</strong></span> <span class='ocrx_word' id='word_1_73' title='bbox 842 1008 1107 1068; x_wconf 74' lang='lat' dir='ltr'><strong>defecisse</strong></span> <span class='ocrx_word' id='word_1_74' title='bbox 1135 1008 1203 1067; x_wconf 87' lang='lat' dir='ltr'><strong>ab</strong></span> <span class='ocrx_word' id='word_1_75' title='bbox 1231 1030 1319 1067; x_wconf 87' lang='lat' dir='ltr'><strong>eo.</strong></span> <span class='ocrx_word' id='word_1_76' title='bbox 1359 1007 1560 1088; x_wconf 84' lang='lat' dir='ltr'><strong>Itaque</strong></span> 
     </span>
     <span class='ocr_line' id='line_1_13' title="bbox 132 1088 1562 1168; baseline 0.001 -23"><span class='ocrx_word' id='word_1_77' title='bbox 132 1108 455 1168; x_wconf 79' lang='lat' dir='ltr'><strong>quanquam</strong></span> <span class='ocrx_word' id='word_1_78' title='bbox 478 1090 655 1150; x_wconf 78' lang='lat' dir='ltr'><strong>Besso</strong></span> <span class='ocrx_word' id='word_1_79' title='bbox 680 1091 1005 1151; x_wconf 76' lang='lat' dir='ltr'><strong>imminebat</strong></span> <span class='ocrx_word' id='word_1_80' title='bbox 1029 1134 1044 1159; x_wconf 82' lang='grc'>,</span> <span class='ocrx_word' id='word_1_81' title='bbox 1089 1111 1275 1150; x_wconf 89' lang='lat' dir='ltr'><strong>tamen</strong></span> <span class='ocrx_word' id='word_1_82' title='bbox 1311 1088 1380 1149; x_wconf 85' lang='lat' dir='ltr'><strong>ad</strong></span> <span class='ocrx_word' id='word_1_83' title='bbox 1413 1091 1562 1150; x_wconf 86' lang='lat' dir='ltr'><strong>Sati-</strong></span> 
     </span>
     <span class='ocr_line' id='line_1_14' title="bbox 134 1170 1563 1254; baseline 0.002 -27"><span class='ocrx_word' id='word_1_84' title='bbox 134 1170 415 1229; x_wconf 80' lang='lat' dir='ltr'><strong>barzanen</strong></span> <span class='ocrx_word' id='word_1_85' title='bbox 440 1172 873 1252; x_wconf 87' lang='lat' dir='ltr'><strong>opprimendum</strong></span> <span class='ocrx_word' id='word_1_86' title='bbox 897 1174 1160 1254; x_wconf 83' lang='lat' dir='ltr'><strong>praeverti</strong></span> <span class='ocrx_word' id='word_1_87' title='bbox 1186 1173 1462 1252; x_wconf 81' lang='lat' dir='ltr'><strong>optimum</strong></span> <span class='ocrx_word' id='word_1_88' title='bbox 1484 1193 1563 1231; x_wconf 83' lang='lat' dir='ltr'><strong>ra-</strong></span> 
     </span>
     <span class='ocr_line' id='line_1_15' title="bbox 136 1251 1566 1336; baseline 0.001 -27"><span class='ocrx_word' id='word_1_89' title='bbox 136 1270 226 1311; x_wconf 89' lang='lat' dir='ltr'><strong>tus</strong></span> <span class='ocrx_word' id='word_1_90' title='bbox 246 1295 262 1320; x_wconf 84' lang='lat'>‚</span> <span class='ocrx_word' id='word_1_91' title='bbox 283 1251 466 1314; x_wconf 87' lang='lat' dir='ltr'><strong>levem</strong></span> <span class='ocrx_word' id='word_1_92' title='bbox 483 1274 819 1315; x_wconf 88' lang='lat' dir='ltr'><strong>armaturam</strong></span> <span class='ocrx_word' id='word_1_93' title='bbox 843 1260 900 1316; x_wconf 71' lang='grc' dir='ltr'><strong>δε</strong></span> <span class='ocrx_word' id='word_1_94' title='bbox 923 1253 1199 1336; x_wconf 85' lang='lat' dir='ltr'><strong>equestres</strong></span> <span class='ocrx_word' id='word_1_95' title='bbox 1221 1255 1408 1333; x_wconf 77' lang='lat' dir='ltr'><strong>copias</strong></span> <span class='ocrx_word' id='word_1_96' title='bbox 1432 1252 1566 1312; x_wconf 82' lang='lat' dir='ltr'><strong>edu-</strong></span> 
     </span>
    </p>
   </div>
   <div class='ocr_carea' id='block_1_2' title="bbox 138 1335 1660 1416">
    <p class='ocr_par' dir='ltr' id='par_1_3' title="bbox 138 1335 1660 1416">
     <span class='ocr_line' id='line_1_16' title="bbox 138 1335 1660 1416; baseline -0.001 -23"><span class='ocrx_word' id='word_1_97' title='bbox 138 1340 216 1394; x_wconf 84' lang='lat' dir='ltr'><strong>cit</strong></span> <span class='ocrx_word' id='word_1_98' title='bbox 237 1377 255 1403; x_wconf 87' lang='grc'>,</span> <span class='ocrx_word' id='word_1_99' title='bbox 299 1353 536 1416; x_wconf 86' lang='lat' dir='ltr'><strong>totaque</strong></span> <span class='ocrx_word' id='word_1_100' title='bbox 570 1339 733 1396; x_wconf 67' lang='lat' dir='ltr'><strong>noc&#39;te</strong></span> <span class='ocrx_word' id='word_1_101' title='bbox 769 1337 988 1398; x_wconf 87' lang='lat' dir='ltr'><strong>strenue</strong></span> <span class='ocrx_word' id='word_1_102' title='bbox 1012 1335 1158 1396; x_wconf 63' lang='lat' dir='ltr'><strong>facio</strong></span> <span class='ocrx_word' id='word_1_103' title='bbox 1190 1337 1386 1396; x_wconf 89' lang='lat' dir='ltr'><strong>itinere</strong></span> <span class='ocrx_word' id='word_1_104' title='bbox 1410 1379 1426 1405; x_wconf 84' lang='lat'>‚</span> <span class='ocrx_word' id='word_1_105' title='bbox 1459 1337 1567 1393; x_wconf 88' lang='lat' dir='ltr'><strong>im·</strong></span> <span class='ocrx_word' id='word_1_106' title='bbox 1654 1337 1660 1341; x_wconf 81' lang='grc'><strong>’</strong></span> 
     </span>
    </p>
   </div>
   <div class='ocr_carea' id='block_1_3' title="bbox 135 1417 1585 2811">
    <p class='ocr_par' dir='ltr' id='par_1_4' title="bbox 135 1417 1585 2811">
     <span class='ocr_line' id='line_1_17' title="bbox 136 1417 1571 1499; baseline 0.001 -24"><span class='ocrx_word' id='word_1_107' title='bbox 136 1418 396 1497; x_wconf 83' lang='lat' dir='ltr'><strong>provisus</strong></span> <span class='ocrx_word' id='word_1_108' title='bbox 432 1417 575 1478; x_wconf 86' lang='lat' dir='ltr'><strong>hosti</strong></span> <span class='ocrx_word' id='word_1_109' title='bbox 606 1418 947 1499; x_wconf 82' lang='lat' dir='ltr'><strong>supervenit.</strong></span> <span class='ocrx_word' id='word_1_110' title='bbox 979 1419 1161 1497; x_wconf 75' lang='lat' dir='ltr'><strong>Cujus</strong></span> <span class='ocrx_word' id='word_1_111' title='bbox 1202 1418 1435 1498; x_wconf 80' lang='lat' dir='ltr'><strong>cognito</strong></span> <span class='ocrx_word' id='word_1_112' title='bbox 1472 1417 1571 1477; x_wconf 89' lang='lat' dir='ltr'><strong>ad-</strong></span> 
     </span>
     <span class='ocr_line' id='line_1_18' title="bbox 135 1500 1569 1579; baseline 0 -20"><span class='ocrx_word' id='word_1_113' title='bbox 135 1518 314 1559; x_wconf 88' lang='lat' dir='ltr'><strong>ventu</strong></span> <span class='ocrx_word' id='word_1_114' title='bbox 342 1500 732 1561; x_wconf 83' lang='lat' dir='ltr'><strong>Satibarzanes</strong></span> <span class='ocrx_word' id='word_1_115' title='bbox 759 1525 888 1562; x_wconf 88' lang='lat' dir='ltr'><strong>cum</strong></span> <span class='ocrx_word' id='word_1_116' title='bbox 925 1523 989 1560; x_wconf 90' lang='lat'><strong>11</strong></span> <span class='ocrx_word' id='word_1_117' title='bbox 1027 1500 1274 1560; x_wconf 79' lang='lat' dir='ltr'><strong>millibus</strong></span> <span class='ocrx_word' id='word_1_118' title='bbox 1314 1501 1569 1579; x_wconf 87' lang='lat' dir='ltr'><strong>equitum</strong></span> 
     </span>
     <span class='ocr_line' id='line_1_19' title="bbox 144 1583 1567 1664; baseline -0.001 -24"><span class='ocrx_word' id='word_1_119' title='bbox 144 1583 296 1654; x_wconf 90' lang='lat' dir='ltr'><strong>(nec</strong></span> <span class='ocrx_word' id='word_1_120' title='bbox 323 1584 468 1640; x_wconf 86' lang='lat' dir='ltr'><strong>enim</strong></span> <span class='ocrx_word' id='word_1_121' title='bbox 510 1584 697 1664; x_wconf 83' lang='lat' dir='ltr'><strong>plures</strong></span> <span class='ocrx_word' id='word_1_122' title='bbox 735 1584 921 1643; x_wconf 83' lang='lat' dir='ltr'><strong>subito</strong></span> <span class='ocrx_word' id='word_1_123' title='bbox 963 1584 1219 1660; x_wconf 78' lang='lat' dir='ltr'><strong>contrahi</strong></span> <span class='ocrx_word' id='word_1_124' title='bbox 1257 1586 1567 1660; x_wconf 79' lang='lat' dir='ltr'><strong>poterant)</strong></span> 
     </span>
     <span class='ocr_line' id='line_1_20' title="bbox 143 1662 1572 1745; baseline 0.001 -24"><span class='ocrx_word' id='word_1_125' title='bbox 143 1662 344 1727; x_wconf 63' lang='lat' dir='ltr'><strong>Baclra</strong></span> <span class='ocrx_word' id='word_1_126' title='bbox 374 1663 620 1744; x_wconf 85' lang='lat' dir='ltr'><strong>perfugit</strong></span> <span class='ocrx_word' id='word_1_127' title='bbox 640 1708 655 1734; x_wconf 84' lang='lat'>‚</span> <span class='ocrx_word' id='word_1_128' title='bbox 692 1667 865 1726; x_wconf 84' lang='lat' dir='ltr'><strong>ceteri</strong></span> <span class='ocrx_word' id='word_1_129' title='bbox 898 1671 1186 1745; x_wconf 74' lang='lat' dir='ltr'><strong>proximos</strong></span> <span class='ocrx_word' id='word_1_130' title='bbox 1217 1685 1436 1723; x_wconf 83' lang='lat' dir='ltr'><strong>montes</strong></span> <span class='ocrx_word' id='word_1_131' title='bbox 1469 1685 1572 1722; x_wconf 88' lang='lat' dir='ltr'><strong>oc-</strong></span> 
     </span>
     <span class='ocr_line' id='line_1_21' title="bbox 143 1746 1571 1827; baseline -0.001 -22"><span class='ocrx_word' id='word_1_132' title='bbox 143 1766 516 1824; x_wconf 87' lang='lat' dir='ltr'><strong>cupaverunt.</strong></span> <span class='ocrx_word' id='word_1_133' title='bbox 542 1749 829 1827; x_wconf 85' lang='lat' dir='ltr'><strong>Praerupta</strong></span> <span class='ocrx_word' id='word_1_134' title='bbox 853 1769 1019 1827; x_wconf 87' lang='lat' dir='ltr'><strong>rupes</strong></span> <span class='ocrx_word' id='word_1_135' title='bbox 1043 1767 1160 1807; x_wconf 88' lang='lat' dir='ltr'><strong>erat</strong></span> <span class='ocrx_word' id='word_1_136' title='bbox 1180 1791 1198 1816; x_wconf 83' lang='grc'>,</span> <span class='ocrx_word' id='word_1_137' title='bbox 1234 1768 1340 1825; x_wconf 85' lang='lat' dir='ltr'><strong>qua</strong></span> <span class='ocrx_word' id='word_1_138' title='bbox 1363 1746 1571 1824; x_wconf 69' lang='lat' dir='ltr'><strong>specstat</strong></span> 
     </span>
     <span class='ocr_line' id='line_1_22' title="bbox 145 1827 1575 1910; baseline 0.002 -25"><span class='ocrx_word' id='word_1_139' title='bbox 145 1827 564 1897; x_wconf 85' lang='lat' dir='ltr'><strong>Occidentem,</strong></span> <span class='ocrx_word' id='word_1_140' title='bbox 594 1828 787 1889; x_wconf 90' lang='lat' dir='ltr'><strong>eadem</strong></span> <span class='ocrx_word' id='word_1_141' title='bbox 812 1851 919 1910; x_wconf 83' lang='lat' dir='ltr'><strong>qua</strong></span> <span class='ocrx_word' id='word_1_142' title='bbox 952 1832 1135 1909; x_wconf 79' lang='lat' dir='ltr'><strong>vergit</strong></span> <span class='ocrx_word' id='word_1_143' title='bbox 1168 1828 1239 1887; x_wconf 85' lang='lat' dir='ltr'><strong>ad</strong></span> <span class='ocrx_word' id='word_1_144' title='bbox 1275 1828 1575 1888; x_wconf 69' lang='lat' dir='ltr'><strong>Grientem</strong></span> 
     </span>
     <span class='ocr_line' id='line_1_23' title="bbox 143 1907 1577 1992; baseline 0.001 -25"><span class='ocrx_word' id='word_1_145' title='bbox 143 1907 356 1969; x_wconf 81' lang='lat' dir='ltr'><strong>leniore</strong></span> <span class='ocrx_word' id='word_1_146' title='bbox 374 1908 641 1971; x_wconf 90' lang='lat' dir='ltr'><strong>submissa</strong></span> <span class='ocrx_word' id='word_1_147' title='bbox 662 1909 881 1992; x_wconf 83' lang='lat' dir='ltr'><strong>fastigio</strong></span> <span class='ocrx_word' id='word_1_148' title='bbox 902 1955 917 1980; x_wconf 87' lang='lat'><strong><em>,</em></strong></span> <span class='ocrx_word' id='word_1_149' title='bbox 950 1911 1136 1970; x_wconf 88' lang='lat' dir='ltr'><strong>multis</strong></span> <span class='ocrx_word' id='word_1_150' title='bbox 1158 1909 1454 1970; x_wconf 76' lang='lat' dir='ltr'><strong>arboribus</strong></span> <span class='ocrx_word' id='word_1_151' title='bbox 1477 1909 1577 1968; x_wconf 91' lang='lat' dir='ltr'><strong>ob-</strong></span> 
     </span>
     <span class='ocr_line' id='line_1_24' title="bbox 146 1991 1576 2072; baseline -0.001 -21"><span class='ocrx_word' id='word_1_152' title='bbox 146 1991 279 2061; x_wconf 80' lang='lat' dir='ltr'><strong>sita,</strong></span> <span class='ocrx_word' id='word_1_153' title='bbox 313 2013 616 2072; x_wconf 86' lang='lat' dir='ltr'><strong>perennem</strong></span> <span class='ocrx_word' id='word_1_154' title='bbox 655 1994 823 2053; x_wconf 86' lang='lat' dir='ltr'><strong>habet</strong></span> <span class='ocrx_word' id='word_1_155' title='bbox 858 1992 1074 2053; x_wconf 87' lang='lat' dir='ltr'><strong>fontem</strong></span> <span class='ocrx_word' id='word_1_156' title='bbox 1100 2038 1117 2063; x_wconf 83' lang='grc'>,</span> <span class='ocrx_word' id='word_1_157' title='bbox 1156 2016 1232 2053; x_wconf 81' lang='lat' dir='ltr'><strong>-ex</strong></span> <span class='ocrx_word' id='word_1_158' title='bbox 1264 2014 1379 2071; x_wconf 84' lang='lat' dir='ltr'><strong>quo</strong></span> <span class='ocrx_word' id='word_1_159' title='bbox 1405 1991 1576 2071; x_wconf 72' lang='lat' dir='ltr'><strong>largae</strong></span> 
     </span>
     <span class='ocr_line' id='line_1_25' title="bbox 147 2073 1578 2154; baseline -0.001 -22"><span class='ocrx_word' id='word_1_160' title='bbox 147 2095 308 2153; x_wconf 84' lang='lat' dir='ltr'><strong>aquae</strong></span> <span class='ocrx_word' id='word_1_161' title='bbox 348 2095 594 2135; x_wconf 83' lang='lat' dir='ltr'><strong>manant.</strong></span> <span class='ocrx_word' id='word_1_162' title='bbox 631 2075 974 2135; x_wconf 84' lang='lat' dir='ltr'><strong>Circumitus</strong></span> <span class='ocrx_word' id='word_1_163' title='bbox 998 2079 1116 2154; x_wconf 85' lang='lat' dir='ltr'><strong>ejus</strong></span> <span class='ocrx_word' id='word_1_164' title='bbox 1148 2097 1262 2133; x_wconf 76' lang='lat' dir='ltr'><strong>xxx</strong></span> <span class='ocrx_word' id='word_1_165' title='bbox 1291 2078 1348 2133; x_wconf 83' lang='lat'>&amp;</span> <span class='ocrx_word' id='word_1_166' title='bbox 1377 2095 1431 2132; x_wconf 88' lang='lat'><strong>11</strong></span> <span class='ocrx_word' id='word_1_167' title='bbox 1468 2073 1578 2132; x_wconf 89' lang='lat' dir='ltr'><strong>sta-</strong></span> 
     </span>
     <span class='ocr_line' id='line_1_26' title="bbox 149 2154 1579 2234; baseline -0.001 -20"><span class='ocrx_word' id='word_1_168' title='bbox 149 2154 239 2215; x_wconf 89' lang='lat' dir='ltr'><strong>dia</strong></span> <span class='ocrx_word' id='word_1_169' title='bbox 276 2157 726 2234; x_wconf 84' lang='lat' dir='ltr'><strong>com-prehendit.</strong></span> <span class='ocrx_word' id='word_1_170' title='bbox 761 2156 831 2216; x_wconf 89' lang='lat' dir='ltr'><strong>In</strong></span> <span class='ocrx_word' id='word_1_171' title='bbox 873 2160 1083 2218; x_wconf 85' lang='lat' dir='ltr'><strong>vertice</strong></span> <span class='ocrx_word' id='word_1_172' title='bbox 1125 2155 1388 2215; x_wconf 84' lang='lat' dir='ltr'><strong>herbidus</strong></span> <span class='ocrx_word' id='word_1_173' title='bbox 1423 2176 1579 2214; x_wconf 86' lang='lat' dir='ltr'><strong>cam·</strong></span> 
     </span>
     <span class='ocr_line' id='line_1_27' title="bbox 148 2236 1581 2317; baseline 0.001 -22"><span class='ocrx_word' id='word_1_174' title='bbox 148 2259 275 2315; x_wconf 77' lang='lat' dir='ltr'><strong>pus·</strong></span> <span class='ocrx_word' id='word_1_175' title='bbox 308 2236 376 2317; x_wconf 84' lang='lat' dir='ltr'><strong>In</strong></span> <span class='ocrx_word' id='word_1_176' title='bbox 403 2239 512 2297; x_wconf 88' lang='lat' dir='ltr'><strong>hoc</strong></span> <span class='ocrx_word' id='word_1_177' title='bbox 537 2239 952 2298; x_wconf 87' lang='lat' dir='ltr'><strong>multitudinem</strong></span> <span class='ocrx_word' id='word_1_178' title='bbox 977 2238 1257 2297; x_wconf 88' lang='lat' dir='ltr'><strong>imbellem</strong></span> <span class='ocrx_word' id='word_1_179' title='bbox 1285 2237 1581 2298; x_wconf 87' lang='lat' dir='ltr'><strong>considere</strong></span> 
     </span>
     <span class='ocr_line' id='line_1_28' title="bbox 149 2319 1579 2401; baseline 0.001 -24"><span class='ocrx_word' id='word_1_180' title='bbox 149 2320 387 2397; x_wconf 73' lang='lat' dir='ltr'><strong>jubent:</strong></span> <span class='ocrx_word' id='word_1_181' title='bbox 425 2321 564 2399; x_wconf 85' lang='lat' dir='ltr'><strong>ipsi,</strong></span> <span class='ocrx_word' id='word_1_182' title='bbox 606 2343 712 2400; x_wconf 85' lang='lat' dir='ltr'><strong>qua</strong></span> <span class='ocrx_word' id='word_1_183' title='bbox 741 2342 903 2401; x_wconf 85' lang='lat' dir='ltr'><strong>rupes</strong></span> <span class='ocrx_word' id='word_1_184' title='bbox 930 2341 1047 2379; x_wconf 90' lang='lat' dir='ltr'><strong>erat</strong></span> <span class='ocrx_word' id='word_1_185' title='bbox 1074 2363 1091 2389; x_wconf 83' lang='lat'>,</span> <span class='ocrx_word' id='word_1_186' title='bbox 1127 2319 1392 2379; x_wconf 89' lang='lat' dir='ltr'><strong>arborum</strong></span> <span class='ocrx_word' id='word_1_187' title='bbox 1414 2338 1579 2379; x_wconf 87' lang='lat' dir='ltr'><strong>trun-</strong></span> 
     </span>
     <span class='ocr_line' id='line_1_29' title="bbox 154 2399 1578 2479; baseline 0.001 -19"><span class='ocrx_word' id='word_1_188' title='bbox 154 2423 255 2460; x_wconf 89' lang='lat' dir='ltr'><strong>cos</strong></span> <span class='ocrx_word' id='word_1_189' title='bbox 291 2405 348 2461; x_wconf 66' lang='grc' dir='ltr'><strong>ὃς</strong></span> <span class='ocrx_word' id='word_1_190' title='bbox 381 2399 505 2460; x_wconf 84' lang='lat' dir='ltr'><strong>saxa</strong></span> <span class='ocrx_word' id='word_1_191' title='bbox 539 2401 945 2479; x_wconf 86' lang='lat' dir='ltr'><strong>obmoliuntur.</strong></span> <span class='ocrx_word' id='word_1_192' title='bbox 992 2420 1117 2461; x_wconf 81' lang='lat' dir='ltr'>X111</span> <span class='ocrx_word' id='word_1_193' title='bbox 1162 2399 1330 2459; x_wconf 88' lang='lat' dir='ltr'><strong>millia</strong></span> <span class='ocrx_word' id='word_1_194' title='bbox 1368 2421 1578 2461; x_wconf 86' lang='lat' dir='ltr'><strong>armata</strong></span> 
     </span>
     <span class='ocr_line' id='line_1_30' title="bbox 157 2480 1578 2554; baseline 0.001 -14"><span class='ocrx_word' id='word_1_195' title='bbox 157 2502 333 2541; x_wconf 87' lang='lat' dir='ltr'><strong>erant.</strong></span> <span class='ocrx_word' id='word_1_196' title='bbox 369 2482 437 2541; x_wconf 91' lang='lat' dir='ltr'><strong>In</strong></span> <span class='ocrx_word' id='word_1_197' title='bbox 477 2484 677 2543; x_wconf 90' lang='lat' dir='ltr'><strong>horum</strong></span> <span class='ocrx_word' id='word_1_198' title='bbox 721 2484 1017 2544; x_wconf 86' lang='lat' dir='ltr'><strong>obsidione</strong></span> <span class='ocrx_word' id='word_1_199' title='bbox 1058 2483 1300 2542; x_wconf 82' lang='lat' dir='ltr'><strong>Cratero</strong></span> <span class='ocrx_word' id='word_1_200' title='bbox 1342 2480 1537 2541; x_wconf 56' lang='lat' dir='ltr'><strong>relicto</strong></span> <span class='ocrx_word' id='word_1_201' title='bbox 1559 2526 1578 2554; x_wconf 82' lang='lat'>‚</span> 
     </span>
     <span class='ocr_line' id='line_1_31' title="bbox 157 2563 1584 2646; baseline -0.002 -21"><span class='ocrx_word' id='word_1_202' title='bbox 157 2570 275 2643; x_wconf 85' lang='lat' dir='ltr'><strong>ipse</strong></span> <span class='ocrx_word' id='word_1_203' title='bbox 312 2565 710 2626; x_wconf 87' lang='lat' dir='ltr'><strong>Satibarzanen</strong></span> <span class='ocrx_word' id='word_1_204' title='bbox 743 2565 897 2646; x_wconf 88' lang='lat' dir='ltr'><strong>sequi</strong></span> <span class='ocrx_word' id='word_1_205' title='bbox 926 2565 1162 2624; x_wconf 86' lang='lat' dir='ltr'><strong>festinat.</strong></span> <span class='ocrx_word' id='word_1_206' title='bbox 1197 2565 1271 2622; x_wconf 82' lang='lat' dir='ltr'><strong>Et</strong></span> <span class='ocrx_word' id='word_1_207' title='bbox 1299 2565 1428 2643; x_wconf 88' lang='lat' dir='ltr'><strong>quia</strong></span> <span class='ocrx_word' id='word_1_208' title='bbox 1452 2563 1584 2622; x_wconf 90' lang='lat' dir='ltr'><strong>lon-</strong></span> 
     </span>
     <span class='ocr_line' id='line_1_32' title="bbox 159 2646 1584 2727; baseline 0.002 -25"><span class='ocrx_word' id='word_1_209' title='bbox 159 2648 283 2726; x_wconf 86' lang='lat' dir='ltr'><strong>gius</strong></span> <span class='ocrx_word' id='word_1_210' title='bbox 305 2669 432 2705; x_wconf 91' lang='lat' dir='ltr'><strong>eum</strong></span> <span class='ocrx_word' id='word_1_211' title='bbox 462 2648 651 2707; x_wconf 88' lang='lat' dir='ltr'><strong>abesse</strong></span> <span class='ocrx_word' id='word_1_212' title='bbox 673 2667 1019 2727; x_wconf 80' lang='lat' dir='ltr'><strong>cognoverat</strong></span> <span class='ocrx_word' id='word_1_213' title='bbox 1041 2669 1058 2716; x_wconf 75' lang='lat'>3</span> <span class='ocrx_word' id='word_1_214' title='bbox 1084 2647 1152 2706; x_wconf 85' lang='lat' dir='ltr'><strong>ad</strong></span> <span class='ocrx_word' id='word_1_215' title='bbox 1178 2646 1584 2725; x_wconf 80' lang='lat' dir='ltr'><strong>expugnandos</strong></span> 
     </span>
     <span class='ocr_line' id='line_1_33' title="bbox 162 2726 1585 2811; baseline -0.002 -22"><span class='ocrx_word' id='word_1_216' title='bbox 162 2749 290 2801; x_wconf 65' lang='lat' dir='ltr'><strong>coe,</strong></span> <span class='ocrx_word' id='word_1_217' title='bbox 321 2730 417 2809; x_wconf 82' lang='lat' dir='ltr'><strong>qui</strong></span> <span class='ocrx_word' id='word_1_218' title='bbox 443 2728 590 2791; x_wconf 87' lang='lat' dir='ltr'><strong>edita</strong></span> <span class='ocrx_word' id='word_1_219' title='bbox 616 2733 890 2791; x_wconf 85' lang='lat' dir='ltr'><strong>montium</strong></span> <span class='ocrx_word' id='word_1_220' title='bbox 918 2747 1331 2811; x_wconf 74' lang='lat' dir='ltr'><strong>occupaverant</strong></span> <span class='ocrx_word' id='word_1_221' title='bbox 1351 2769 1369 2797; x_wconf 84' lang='grc'>,</span> <span class='ocrx_word' id='word_1_222' title='bbox 1405 2726 1585 2801; x_wconf 75' lang='lat' dir='ltr'><strong>redit,</strong></span> 
     </span>
    </p>
   </div>
  </div>
 </body>
</html>
