1690 3067
227 102 490 153 LIVRE
535 102 600 151 X.
643 99 1110 152 CHAPITRE
1146 101 1228 150 II.
1375 117 1465 169 515

38 185 170 246 alias
198 186 421 256 adorti,
463 207 660 245 omnes
691 187 852 246 simul
873 188 1192 247 missionem
1218 186 1467 267 postula--

22 289 102 326 ¹re
129 287 421 349 coeperunt
441 291 460 343 3
494 266 764 328 deformia
800 289 898 330 ora
933 269 1290 331 cicatricibus
1315 314 1332 341 ,
1373 292 1470 331 ca—

38 351 345 430 nitiemque
371 351 619 429 capitum
644 349 1004 411 ostentantes·
1040 351 1168 412 Nec
1205 372 1300 412 aut
1325 374 1468 434 prae-

38 428 314 491 serstorum
357 432 757 513 castigatione,
800 453 896 493 aut
941 434 1282 495 verecundia
1324 438 1469 516 regis

39 512 329 583 deterriti,
355 515 708 574 tumultuoso
734 514 980 576 clamore
1006 519 1064 577 &
1092 516 1316 576 militari
1339 521 1470 580 vio—-

38 593 208 655 lentia
234 596 519 657 volentem
543 598 702 679 loqui
725 598 1091 674 inhibebantg
1125 596 1305 679 palam
1331 620 1470 679 pro-

39 674 174 738 fessi
207 698 466 757 nusqnam
500 678 621 735 inde
647 723 664 749 ,
706 682 808 735 nisi
837 683 892 735 in
913 685 1157 761 patriam
1193 682 1466 761 vestigium

38 781 136 815 esse
156 777 388 816 moturos.
406 760 664 821 Tandem
688 761 909 822 silentio
934 762 1080 823 facio
1100 809 1115 834 ‚
1143 768 1316 843 magis
1340 764 1468 844 quia

39 860 258 900 motum
295 864 412 901 esse
444 844 750 904 credebant
775 888 792 914 ,
830 868 999 924 quam
1040 849 1169 927 quia
1200 846 1304 925 ipsi
1339 867 1467 905 mo-

35 924 156 983 veri
178 943 476 1005 poterant3
504 927 767 1008 quidnam
788 929 1005 987 acturus
1026 949 1200 999 esset,
1227 949 1469 1009 exspect

39 1003 196 1064 bant.

23 1104 27 1109 ⁴
118 1085 225 1146 Ille
250 1131 266 1158 ‚
308 1115 340 1139 υ
370 1087 507 1167 quid
542 1089 660 1147 haec
682 1132 700 1158 ,
733 1090 905 1167 inquit
933 1132 950 1158 ‚
983 1112 1183 1170 repens
1219 1089 1468 1151 conster-⁴

35 1195 70 1221 πο
98 1170 250 1228 natio
272 1210 288 1236 ,
327 1172 386 1228 ὅς
425 1189 541 1229 tam
583 1192 796 1248 procax
827 1190 996 1251 atque
1034 1171 1207 1231 effusa
1240 1173 1464 1234 licentia

34 1278 69 1303 20
98 1248 439 1309 denuntiat?
482 1251 673 1331 eloqui
703 1255 876 1310 timeo
898 1295 914 1320 ‚
961 1254 1142 1331 palam
1181 1275 1333 1314 certe
1368 1277 1466 1314 ru-

35 1359 70 1384 ³0
98 1331 247 1412 pistis
279 1333 572 1411 imperium
608 1375 623 1401 ,
665 1337 726 1392 &
763 1337 1016 1413 precario
1052 1358 1150 1394 rex
1180 1335 1295 1395 sum
1320 1381 1337 1406 ,
1375 1342 1466 1397 cui

35 1442 70 1467 ω
96 1435 209 1473 non
238 1412 595 1494 alloquendi,
620 1436 733 1473 non
753 1417 1022 1474 noscendi
1044 1418 1423 1499 monendique
1445 1463 1463 1490 ,

28 1524 67 1549 ω
97 1517 191 1557 aut
237 1495 492 1556 intuendi
535 1517 640 1555 vos
688 1500 774 1576 jus
815 1496 1128 1577 reliquistis,
1180 1500 1462 1581 Equidem

32 1606 66 1632 ω
95 1601 224 1639 curn
259 1578 395 1639 alios
438 1576 718 1638 dimittere
756 1579 813 1636 in
854 1581 1129 1658 patriam3
1161 1582 1299 1641 alios
1347 1604 1465 1642 me-

32 1687 66 1713 »
93 1682 220 1718 cum
242 1659 413 1742 paulo
439 1658 561 1740 post
583 1658 881 1741 deportare
904 1660 1187 1722 statuerim
1213 1686 1225 1723 :
1254 1684 1370 1723 tam
1393 1664 1465 1724 il-

34 1770 67 1795 πο
94 1742 180 1803 los
222 1742 593 1803 acclamantes
637 1741 804 1803 video
839 1784 856 1812 ,
899 1745 996 1824 qui
1045 1743 1247 1805 abituri
1293 1745 1465 1815 sunt,

34 1853 68 1877 ω
97 1846 263 1903 quam
297 1827 399 1883 hos
422 1866 436 1892 ‚
474 1846 604 1883 cum
635 1825 839 1904 quibus
864 1827 1178 1903 praemissos
1203 1827 1463 1908 subsequi

34 1934 68 1959 ω
98 1906 278 1981 statuj.
316 1905 473 1979 Quid
507 1906 615 1964 hoc
650 1904 726 1965 est
770 1908 848 1964 rei
884 1905 907 1964 ,Ρ
952 1907 1158 1987 dispari
1201 1911 1254 1967 in
1297 1932 1462 1970 causa

33 2015 67 2041 ω
94 1989 243 2047 idem
283 1989 530 2047 omnium
575 1987 787 2047 clamor
822 1985 897 2046 est
924 1987 935 2045 ἱ
979 1990 1250 2066 pervelim
1283 1989 1418 2051 scire
1443 2032 1462 2061 ,

35 2098 71 2124 ω
99 2090 287 2129 utrum
311 2071 408 2149 qui
433 2070 730 2130 discedunt
749 2112 768 2140 ,
798 2091 867 2129 an
892 2071 989 2151 qui
1013 2073 1359 2143 retinentur,
1393 2073 1464 2134 de

30 2179 67 2207 ao
93 2174 181 2210 me
209 2171 529 2231 querantur.

136 2232 416 2292 Crederes
453 2254 566 2291 uno
593 2253 690 2292 ore
724 2254 916 2294 omnes
954 2232 1227 2296 sustulisse
1254 2235 1465 2296 clamo-

39 2334 199 2386 rem3
235 2317 311 2375 ita
335 2317 541 2394 pariter
569 2338 636 2374 ex
668 2335 789 2375 tota
828 2322 1102 2378 concione
1135 2340 1464 2398 responsum

41 2417 211 2453 omnes
234 2400 401 2475 queri.
434 2397 586 2457 Tum
607 2396 699 2457 ille
723 2441 739 2466 ,
768 2427 801 2450 υ
825 2420 936 2458 non
961 2399 1186 2459 hercule
1210 2443 1224 2468 ,
1256 2403 1424 2476 inquit
1443 2442 1461 2469 ,

37 2505 74 2531 aa
97 2478 279 2557 potest
303 2477 422 2538 fieri
443 2523 458 2548 ,
501 2499 563 2538 ut
596 2479 843 2540 adducar
867 2481 1137 2561 querendi
1157 2481 1318 2539 simul
1344 2503 1464 2538 om·

39 2587 75 2612 ³0
103 2561 267 2621 nibus
301 2562 442 2619 hanc
471 2583 696 2620 causam
735 2584 850 2621 esse
874 2605 889 2631 ,
931 2585 1097 2643 quam
1133 2561 1460 2632 ostenditis;

37 2667 71 2693 a>
96 2642 149 2699 in
176 2664 283 2721 qua
314 2646 490 2722 major
513 2664 638 2723 pars
661 2645 938 2703 exercitus
971 2666 1081 2704 non
1110 2643 1224 2714 est3
1265 2664 1465 2722 utpote

35 2749 72 2777 ω
98 2744 226 2784 cum
247 2723 433 2805 plures
456 2724 788 2799 dimiserim,
808 2748 974 2809 quam
992 2725 1465 2790 retenturussum.

1149 2826 1190 2876 Y
1216 2844 1260 2891 v]
