1690 3067
225 92 491 143 ΜΝΞ
526 92 594 139 X.
625 61 1235 139 CHAPJTRE'JJJ.
1370 101 1466 155 519

45 203 80 230 ω
102 172 296 244 fuerit,
322 175 378 232 ni
394 195 464 233 aes
484 173 720 233 alienum
739 174 991 233 luissem:
1016 194 1216 253 nempe
1236 175 1290 232 in
1305 172 1468 232 Asi-ee-

47 284 81 311 κ»
106 259 215 317 tica
241 256 446 336 praeda.
473 258 598 315 Nec
625 255 801 335 pudet
826 254 1111 336 profundo
1144 277 1339 315 ventre
1374 255 1468 314 de-

47 366 84 391 :o
107 341 374 399 viciarum
396 341 646 418 gentium
665 335 837 417 spolia
865 335 1319 397 circumferentes
1337 381 1351 406 ,
1381 359 1467 395 re-

4 478 7 481 .
47 446 84 472 ²³
111 423 254 481 vetti
291 420 437 480 velle
461 419 532 480 ad
564 419 770 478 liberos
800 422 1182 498 conjugesque
1204 462 1219 486 ‚
1263 418 1469 500 quibus

51 528 88 554 αι
115 504 279 581 pauci
318 504 542 581 praemia
594 501 841 562 victoriae
883 500 1112 580 potestis
1156 499 1467 559 ostendere.

50 610 86 636 :o
109 586 257 643 Nam
282 603 598 642 ceterorum
619 624 636 652 ‚
664 582 797 641 dum
822 585 985 642 etiam
1006 581 1122 662 spei
1143 581 1336 642 vestrae
1359 581 1466 640 ob-

53 693 86 719 ao
109 667 253 726 viam
273 663 380 723 istis
405 708 422 734 ,
460 687 607 724 arma
632 686 857 744 quoque
882 666 1106 744 pignori
1123 662 1268 723 sunt.
1294 664 1469 722 Bonis

49 775 83 800 ω
111 769 247 808 vero
272 746 541 806 militibus
567 750 835 806 cariturus
854 745 972 804 sum
993 789 1010 815 ‚
1042 745 1307 824 pellicum
1338 744 1467 803 sua-

47 857 82 881 :n
108 851 232 888 rum
258 829 588 889 concubinis
615 850 627 886 :
664 828 867 909 quibus
900 828 1008 886 hoc
1037 827 1216 887 solum
1241 849 1310 885 ex
1345 847 1469 885 tan-

47 938 82 962 ao
109 915 178 971 tis
201 911 403 991 opibus
422 909 661 991 superest
677 954 694 979 ,
715 909 872 990 quod
896 909 1471 989 impenditur.Proin-

43 1020 80 1045 ω
106 992 175 1052 de
198 990 541 1073 fugientibus
574 1015 661 1052 me
694 1010 922 1073 pateant
953 991 1152 1050 limites
1171 1011 1190 1062 3
1215 988 1470 1050 facessite

41 1101 79 1127 a>
108 1075 236 1134 hinc
263 1097 438 1156 ocyus
462 1097 474 1133 :
506 1097 613 1154 ego
646 1095 773 1132 cum
793 1074 972 1133 Persis
1005 1074 1330 1132 abeuntium
1355 1092 1470 1131 ter-

44 1183 79 1209 2³
105 1179 174 1237 ga
198 1158 446 1216 tutabor.
473 1157 772 1215 Neminem
794 1174 993 1214 teneo:
1018 1155 1250 1214 liberate
1273 1153 1473 1213 oculos

47 1264 82 1290 2³
108 1260 262 1298 meos
292 1238 646 1319 ingratissimi
672 1238 840 1296 cives,
878 1236 1026 1295 Laeti
1054 1257 1157 1296 vos
1189 1237 1473 1315 excipient

47 1347 82 1372 α)
108 1340 364 1400 parentes
402 1320 673 1399 liberique
706 1319 819 1376 sine
855 1316 1038 1377 vestro
1068 1340 1198 1398 rege
1235 1318 1472 1377 redeun-

46 1428 81 1453 πο
111 1402 232 1461 tes!
273 1402 499 1463 obviam
532 1401 693 1460 ibunt
724 1398 1103 1458 desertoribus
1143 1398 1473 1480 transfugis-

46 1510 82 1535 ω
110 1484 250 1563 que!
275 1481 632 1563 triumphabo
660 1480 976 1540 mehercule
1006 1479 1076 1540 de
1100 1478 1232 1562 fuga
1254 1480 1428 1541 vestra
1450 1525 1468 1552 ,

47 1593 83 1617 2³
113 1569 171 1624 &
209 1565 552 1645 ubicumque
587 1585 685 1624 ero
707 1607 723 1633 ,
761 1583 1017 1643 expetam
1044 1584 1236 1643 poenas
1262 1584 1282 1634 3
1321 1565 1425 1623 hos
1449 1607 1468 1634 ‚

49 1674 83 1699 κ
111 1668 237 1706 cum
268 1647 471 1727 quibus
505 1668 591 1705 me
626 1645 969 1725 relinquitiS,
1008 1644 1254 1705 colendo
1277 1688 1293 1714 ,
1332 1667 1472 1725 prae-

49 1757 84 1781 a>
110 1726 456 1810 serendoque
503 1727 684 1789 vobis,
728 1727 849 1786 Jam
898 1748 1085 1786 autem
1137 1725 1317 1786 scietis
1349 1772 1364 1791 ‚
1409 1732 1468 1787 &

46 1838 82 1864 zo
111 1831 383 1892 quantum
404 1812 517 1870 sine
541 1830 671 1889 rege
697 1808 880 1869 valeat
910 1810 1186 1869 exercitus
1206 1851 1222 1877 ,
1250 1812 1310 1868 δε
1333 1809 1471 1889 quid

48 1920 82 1946 ιο
109 1894 230 1972 opis
260 1895 313 1951 in
347 1915 434 1952 me
473 1913 583 1950 uno
618 1893 687 1951 sit
712 1919 763 1949 ot.
801 1890 1047 1949 Desiluit
1088 1890 1290 1950 deinde
1323 1889 1470 1949 fren-

48 1973 187 2034 dens
225 1973 294 2034 de
334 1975 629 2044 tribunali,
659 1977 716 2033 &
748 1974 803 2030 in
845 1972 1091 2032 medium
1129 1991 1467 2031 armatorum

47 2078 246 2136 agmen
282 2055 335 2116 se
377 2057 646 2125 immisit3
684 2074 910 2115 notatos
945 2075 1174 2134 quoque
1197 2097 1212 2122 ‚
1248 2054 1345 2133 qui
1384 2051 1469 2113 fe-

49 2139 333 2197 rocissime
362 2137 615 2196 oblocuti
647 2156 803 2196 erant
823 2180 839 2205 ‚
876 2135 1125 2216 singulos
1158 2157 1323 2195 manu
1355 2157 1474 2195 cor-

48 2220 218 2298 ripuit
245 2241 257 2278 :
299 2241 401 2278 nec
428 2241 588 2278 ausos
610 2240 919 2299 repugnare
945 2261 961 2286 ‚
994 2217 1264 2277 tredecim
1296 2239 1471 2278 asser-

47 2300 265 2364 vandos
304 2300 624 2360 custodibus
656 2302 906 2380 corporis
930 2299 1182 2359 tradidit.

134 2382 186 2440 C
218 2400 256 2440 A
286 2402 341 2442 P.
379 2382 526 2443 III.
565 2384 707 2455 Quis
752 2381 1007 2441 crederet
1054 2379 1251 2443 saevam
1294 2379 1469 2461 paulo

49 2483 177 2523 ante
210 2466 538 2524 concionem
573 2465 927 2543 obtorpuisse
960 2463 1143 2521 subito
1183 2485 1367 2531 metU,
1406 2467 1466 2523 δε

50 2567 177 2605 curn
210 2545 279 2605 ad
321 2545 650 2626 supplicium
695 2547 907 2606 videret
954 2546 1096 2603 trahi
1133 2544 1264 2602 nihil
1306 2565 1470 2603 ausos
1512 2539 1520 2542 Δ

46 2629 298 2707 graviora
326 2651 491 2708 quam
527 2649 744 2688 ceteros
772 2633 788 2698 (
815 2648 927 2686 tam
961 2625 1189 2686 effusam
1224 2646 1383 2685 antea
1409 2625 1471 2685 li-

47 2711 283 2770 centiam
304 2753 322 2781 ‚
348 2730 516 2792 atque
536 2710 849 2772 seditiosam
876 2707 1112 2772 militum
1144 2707 1468 2772 violentiam
