1690 3067
231 97 544 159 VLIVRE
580 96 1139 146 XCHAPITRE
1174 96 1303 148 VII.
1423 96 1511 163 563

93 178 376 240 Perdiccae
403 180 576 239 modo
611 181 785 239 ele&o
812 223 826 249 ‚
852 180 1038 259 plures
1067 179 1327 260 Philippo
1350 203 1518 262 quam

93 261 405 339 speraverat
425 305 439 330 ‚
468 263 758 341 imperium
786 261 1012 321 dabant.
1045 260 1169 321 Nec
1201 262 1345 322 velle
1366 305 1380 331 ,
1410 286 1514 325 nec

92 342 244 401 nolle
264 386 280 412 ,
315 343 618 423 quidquam
645 343 738 403 diu
761 361 1062 423 poterant3
1092 344 1516 425 paenitebatque

93 424 267 483 modo
303 427 553 493 consilii,
591 424 763 483 modo
804 425 1147 503 poenitentiae
1190 425 1379 503 ipsius.
1411 426 1513 486 Ad

91 505 346 564 ultimum
371 525 556 564 tamen
589 507 644 563 in
682 503 902 584 stirpem
934 509 1144 585 regiam
1177 505 1514 568 inclinavere

89 583 297 645 studiis.
323 585 589 646 Cesserat
614 608 683 645 ex
709 588 982 646 concione
1009 585 1272 646 Aridaeus
1297 589 1512 667 princi-

86 686 222 745 pum
266 669 592 727 audioritate
635 669 967 727 conterritus
996 711 1010 733 ,
1049 670 1107 727 &
1139 667 1380 728 abeunte
1409 669 1509 729 illo

88 750 438 807 conticuerat
472 754 645 829 magis
677 791 692 817 ,
733 771 900 828 quam
935 749 1225 828 languerat
1260 750 1507 810 militaris

86 826 267 889 favor.
305 827 506 910 Itaque
546 851 842 890 revocatus
876 828 1082 890 vestem
1119 828 1300 891 fratris
1325 874 1341 899 ‚
1384 854 1502 892 eam

85 911 298 988 ipsam,
338 932 462 990 quae
506 912 559 969 in
598 910 725 971 sella
763 912 941 991 posita
981 909 1198 981 fuerat,
1233 911 1508 973 induitur.

86 991 162 1050 Et
188 991 476 1071 Meleager
503 993 730 1053 thorace
756 993 936 1051 sumto
965 997 1117 1071 capit
1141 1015 1321 1062 arma,
1348 995 1509 1054 novi-

87 1094 195 1153 que
220 1075 362 1153 regis
386 1072 600 1132 satelles
623 1073 890 1155 sequitur.
919 1073 1168 1132 Phalanx
1197 1074 1356 1135 hastis
1378 1074 1507 1157 cly-

86 1174 223 1233 peos
255 1159 508 1232 quatiens
527 1197 543 1223 ,
575 1158 887 1235 expletaram
904 1155 959 1228 se
974 1154 1231 1234 sanguine
1254 1158 1500 1225 illorum,

86 1236 179 1312 qni
201 1236 564 1311 affeffaverant
583 1234 716 1290 nihil
735 1233 808 1292 ad
826 1236 954 1315 ipsos
972 1237 1234 1315 pertinens
1253 1258 1462 1318 regnum
1479 1281 1497 1306 ,

82 1317 417 1375 minabatur.
451 1319 515 1373 In
556 1315 734 1383 eadem
771 1313 919 1371 domo
943 1318 1263 1394 familiaque
1296 1320 1507 1399 imperii

82 1399 223 1452 vires
253 1418 574 1453 remansuras
600 1419 696 1453 esse
728 1395 1049 1478 gaudebant
1071 1416 1091 1468 3
1130 1396 1499 1455 hereditarium

80 1479 356 1557 imperium
369 1476 583 1559 stirpem
607 1483 797 1558 regiam
820 1476 1225 1535 vindicaturam
1241 1503 1262 1544 ,·
1282 1496 1501 1537 assuetos

70 1558 128 1631 fle
153 1579 336 1614 nomen
372 1561 538 1639 ipsum
575 1562 728 1615 colere
748 1603 763 1622 ,
793 1561 1169 1637 venerarique,
1202 1581 1292 1618 nec
1324 1581 1502 1639 querm-

82 1660 243 1716 qaam
269 1638 327 1694 id
351 1657 527 1718 capere
552 1682 568 1707 ,
606 1642 707 1695 nisi
719 1643 954 1719 genitum
980 1657 1036 1695 ut
1064 1660 1308 1719 regnaret.

167 1718 352 1800 Igitur
389 1721 656 1781 Perdicca
695 1721 919 1780 territus
942 1763 960 1790 ‚
1002 1723 1272 1784 conclave
1301 1727 1357 1784 in
1384 1743 1501 1802 quo

79 1799 394 1860 Alexandri
441 1823 646 1880 corpus
686 1802 906 1882 jacebat
940 1846 957 1871 ‚
1016 1806 1280 1863 asservari
1321 1803 1499 1883 jubet.

81 1883 347 1941 Sexcenti
383 1904 510 1942 cum
548 1885 669 1962 ipso
709 1903 864 1942 erant
894 1926 910 1952 ,
949 1881 1203 1962 spectatae
1238 1886 1498 1947 virtutis:

78 1962 416 2023 Ptolemaeus
460 1985 687 2043 quoque
725 1963 777 2024 se
817 1963 1143 2044 adjunxerat
1167 1967 1259 2035 ei,
1298 1987 1502 2044 puero-

78 2065 317 2124 rumque
341 2045 489 2122 regia
524 2047 745 2104 cohors·
785 2045 1055 2105 Ceterum
1081 2047 1230 2106 haud
1264 2045 1504 2115 difficul-

78 2143 165 2183 ter
189 2147 217 2184 a
243 2144 330 2184 tot
357 2125 596 2184 millibus
619 2146 952 2186 armatorum
978 2126 1208 2188 claustra
1229 2127 1499 2209 perfrafia

79 2203 221 2264 sunt.
253 2205 330 2264 Et
370 2228 466 2264 rex
492 2228 719 2287 quoque
745 2210 1015 2286 irruperat
1041 2207 1270 2289 stipatus
1293 2209 1499 2271 satelli*

81 2305 203 2344 tum
239 2287 439 2356 turba,
474 2309 714 2368 quorum
751 2291 1008 2370 princeps
1041 2311 1155 2350 erat
1192 2291 1494 2372 Meleager,

80 2364 376 2448 Iratusque
411 2367 677 2429 Perdicca
709 2411 726 2437 ,
769 2369 888 2434 hos,
929 2373 1021 2448 qui
1051 2372 1357 2428 Alexandri
1380 2395 1495 2443 cor-

75 2465 174 2527 pus
199 2452 334 2503 tueri
357 2451 547 2504 vellent
566 2494 580 2512 ,
612 2448 877 2524 sevocat3
907 2448 1001 2510 sed
1030 2453 1123 2531 qui
1149 2454 1492 2532 irruperant,

80 2528 291 2587 eminus
316 2529 423 2587 tela
450 2530 501 2586 in
526 2534 706 2608 ipsum
733 2531 1025 2607 jaciebant.
1050 2532 1357 2613 Multisque
1379 2537 1500 2594 vul-

84 2611 320 2679 neratiS‚
356 2609 578 2668 tandem
623 2610 861 2669 seniores
895 2612 1092 2672 demtis
1134 2614 1304 2694 galeis
1328 2657 1344 2683 ,
1386 2636 1500 2694 quo

78 2686 289 2751 facilius
318 2692 474 2750 nosci
498 2712 761 2772 possent,
800 2696 1049 2772 precari,
1086 2698 1182 2776 qui
1213 2717 1339 2754 cum
1374 2696 1502 2754 Per-

1168 2794 1211 2841 A
1233 2811 1255 2842 a
1288 2792 1334 2857 vj
