1690 3067
171 89 268 159 564
443 90 1345 158 QUINTE-CURCE.

168 176 333 236 dicca
380 195 535 236 erant
559 219 575 245 ,
615 199 837 257 coepere
862 220 876 246 ‚
932 197 993 236 ut
1029 177 1362 237 abstinerent
1404 175 1604 247 bello}

170 263 407 338 regique
434 263 493 317 &
522 259 775 340 pluribus
800 259 1085 318 cederent.
1116 259 1332 319 Primus
1363 259 1597 318 Perdic-

171 362 240 400 ca
264 362 411 399 arma
437 339 737 422 deposuit3
764 341 1047 421 ceterique
1073 340 1219 400 idem
1251 339 1449 400 fecere.
1475 340 1601 398 Me·

171 420 365 502 leagro
391 421 592 482 deinde
618 420 882 481 suadente
909 444 976 482 ne
1004 445 1033 482 a
1068 444 1307 505 corpore
1340 421 1599 481 Alexan-

168 502 261 562 dri
286 502 676 577 discederent;
709 503 918 564 insidiis
942 504 1130 563 locum
1158 505 1331 585 quaeri
1355 505 1489 572 rati,
1518 500 1604 562 di-

172 605 333 644 versa
361 587 526 665 regiae
551 606 710 665 parte
745 583 816 645 ad
846 585 1171 665 Euphraten
1195 583 1383 666 fugam
1408 588 1602 644 inten-

171 663 338 724 dunt.
362 666 664 747 Equitatus
687 709 701 734 ‚
741 667 835 746 qui
862 689 931 725 ex
956 666 1309 726 nobilissimis
1331 669 1598 746 juvenum

172 745 464 808 constabat
486 792 501 816 ,
540 746 843 809 Perdiccan
872 751 929 807 &
957 746 1313 806 Leonnatum
1338 747 1603 827 frequens

173 827 560 909 sequebatur3
599 829 973 910 placebatque
1015 829 1284 888 excedere
1323 829 1460 887 urbe
1485 871 1502 897 ,
1541 831 1600 888 ὅτ.

172 909 407 969 tendere
442 911 495 968 in
541 932 762 991 campo.
802 910 915 970 Sed
963 909 1231 970 Perdicca
1272 932 1339 969 ne
1382 910 1600 989 pedites

172 991 403 1070 quidem
425 990 714 1052 secuturos
732 994 912 1072 ipsum
939 990 1299 1070 desperabat:
1321 993 1509 1071 itaque
1532 1012 1600 1049 ne

173 1072 515 1132 abducendo
540 1075 754 1154 equites
775 1075 1059 1151 abrupisse
1081 1096 1110 1133 a
1135 1092 1325 1134 cetero
1350 1074 1602 1133 exercitu

171 1154 458 1215 videretur
483 1198 496 1223 ,
531 1156 584 1213 in
616 1155 754 1214 urbe
785 1153 1041 1214 substitit.

269 1235 320 1294 C
338 1253 449 1293 ΑΡ.
476 1234 681 1295 VIII.
719 1236 805 1294 At
843 1235 1130 1316 Meleager
1153 1257 1344 1317 regem
1369 1255 1600 1294 monere

174 1338 289 1377 ’non
331 1315 579 1386 destitit,
605 1320 692 1389 jus
728 1318 935 1398 imperii
969 1318 1224 1373 Perdiccae
1273 1334 1434 1373 morte
1460 1317 1594 1390 scm-

175 1395 416 1453 ciena'nm
446 1419 543 1456 esse
565 1423 582 1454 .·
609 1400 667 1452 ni
691 1415 959 1479 occupetur
987 1401 1230 1478 impotens
1255 1401 1463 1455 animus
1482 1442 1498 1468 ,
1525 1419 1597 1453 res

174 1497 519 1536 novaturum.
544 1481 860 1536 Meminisse
880 1501 993 1535 enm
1021 1477 1149 1556 quid
1172 1477 1234 1536 de
1254 1501 1361 1560 rege
1383 1478 1598 1554 mernis-

162 1563 244 1641 fi'r
259 1603 277 1630 ,
297 1563 550 1617 neminem
577 1578 750 1617 autem
777 1563 822 1616 ei
833 1560 964 1635 satis
978 1558 1152 1636 fidum
1177 1582 1307 1630 esse,
1326 1582 1473 1639 quem
1498 1582 1599 1615 me-

176 1659 314 1701 tuat.
340 1640 465 1701 Rex
490 1641 806 1724 patiebatur
832 1642 1005 1720 magis
1022 1684 1037 1711 ,
1067 1663 1234 1722 quam
1258 1642 1597 1702 assentieba-
1639 1644 1647 1648 χ

175 1745 290 1783 tur.
326 1721 527 1804 Itaque
566 1723 852 1804 Meleager
895 1724 1177 1783 silentium
1222 1745 1325 1804 pro
1364 1725 1601 1803 imperio

170 1805 406 1873 habuit,
443 1806 701 1885 misitque
735 1805 878 1884 regis
916 1806 1139 1865 nomine
1162 1847 1179 1874 ,
1230 1806 1327 1886 qui
1366 1805 1597 1865 Perdic-

173 1908 279 1945 can
315 1904 675 1946 arcesserent.
708 1884 916 1946 Iisdem
954 1886 1311 1956 mandatum,
1347 1908 1409 1947 ut
1438 1892 1597 1947 occi-

177 1967 376 2035 derent
395 2010 412 2036 ‚
452 1973 499 2028 si
535 1968 724 2029 venire
750 1967 1054 2028 dubitaret.
1081 1967 1347 2028 Perdicca
1373 1970 1598 2029 nuntia-

174 2069 238 2108 to
263 2047 561 2109 satellitum
586 2048 828 2109 adventu
851 2092 867 2119 ,
900 2047 1178 2111 sexdecim
1203 2055 1432 2110 omnino
1456 2072 1596 2130 pue·
1621 2044 1624 2048 ’

173 2132 247 2190 ris
272 2132 437 2211 regiae
473 2130 721 2190 cohortis
746 2133 1045 2191 comitatus
1081 2133 1135 2191 in
1173 2133 1359 2192 limine
1398 2132 1600 2192 domus
1669 2154 1687 2166 *s

172 2211 283 2271 suae
302 2210 580 2281 constitit3
602 2211 1007 2292 castigatosque
1026 2257 1044 2283 ,
1069 2216 1125 2272 &
1149 2212 1422 2293 Meleagri
1450 2212 1603 2272 man-

174 2294 318 2372 cipia
354 2293 679 2352 idemtidem
715 2294 1034 2372 appellans,
1068 2295 1144 2352 sic
1182 2295 1345 2354 animi
1383 2293 1595 2356 vultus·

174 2396 286 2453 que
325 2372 629 2434 constantia
667 2375 866 2432 terruit
896 2417 912 2443 ,
950 2394 1010 2433 ut
1046 2377 1140 2433 vix
1184 2377 1385 2434 mentis
1431 2397 1594 2434 com-
1687 2445 1690 2447 q

173 2474 340 2536 potes
375 2452 653 2534 fugerent.
692 2454 956 2514 Perdicca
992 2477 1197 2535 pueros
1233 2478 1407 2536 equos
1439 2459 1601 2537 jussit
1662 2458 1665 2462 ’

173 2537 553 2596 conscendere
587 2559 605 2610 3
652 2540 709 2595 &
753 2558 880 2595 cum
931 2538 1121 2616 paucis
1167 2540 1471 2598 amicorum
1520 2539 1592 2599 ad

171 2617 531 2677 Leonnatum
569 2619 862 2697 pervenit3
897 2619 1007 2696 jam
1045 2616 1290 2680 firmiore
1332 2619 1598 2699 praesidio

171 2702 283 2761 ‘rim
321 2698 782 2783 propulsaturuS‚
823 2700 866 2762 si
907 2700 1031 2782 quis
1069 2699 1319 2778 inferret.
1363 2699 1601 2782 Postero·
