1690 3067
226 113 291 149 20
484 104 1406 170 QUINTE-CURCE;

213 205 400 247 terror
419 231 436 258 ‚
464 209 528 248 ut
551 189 906 270 speraverant
928 235 944 261 ,
982 190 1363 251 Macedonum
1386 215 1406 265 3
1444 190 1539 252 sed
1566 215 1656 252 au-

215 268 415 328 xilium
451 292 465 330 τ
515 294 654 351 opes·
693 275 823 332 violi
865 273 935 332 ad
980 275 1247 333 vidiorem
1286 273 1652 334 transferente

215 351 491 412 Fortuna.
529 355 617 413 Ut
659 377 792 413 vero
821 355 1019 414 urbem
1055 357 1282 415 intravit
1305 399 1321 424 ,
1351 355 1656 416 incredibi-

214 431 327 493 lem
354 455 424 492 ex
457 435 733 495 thesauris
769 436 1036 496 summam
1061 438 1313 517 pecuniae
1340 439 1578 517 egessit3
1614 457 1654 497 L

213 514 386 574 millia
427 517 701 577 talentum
741 523 993 598 argenti,
1040 510 1154 577 non
1193 522 1396 598 signati
1433 518 1611 579 forma
1636 562 1654 590 ,

213 595 312 656 sed
332 598 457 657 rudi
481 599 752 679 pondere.
781 601 951 658 Multi
979 623 1138 680 reges
1166 612 1346 659 tantas
1373 623 1509 680 opes
1529 601 1656 660 lon-

214 701 287 760 ga
313 699 475 740 aetate
510 683 934 742 cumulaverant
962 682 1150 741 liberis
1178 680 1524 762 posterisque
1548 728 1562 752 ,
1591 705 1656 743 ut

216 761 668 833 arbitrabantur,
710 786 846 843 quas
873 786 980 822 una
1005 765 1142 823 hora
1168 767 1222 822 in
1259 770 1478 824 externi
1511 767 1656 844 regis

214 864 410 903 manus
444 846 653 905 intulit.
692 845 972 905 Consedit
1002 845 1201 905 deinde
1238 851 1293 905 in
1337 848 1489 926 regia
1523 846 1655 907 sella

216 927 400 985 multo
431 925 738 987 excelsiore
766 969 781 996 ,
821 949 987 1007 quam
1019 949 1123 1007 pro
1156 927 1348 986 habitu
1377 934 1656 1008 corporis·-

212 1005 420 1088 Itaque
446 1007 621 1087 pedes
644 1032 772 1068 cum
799 1011 971 1068 imum
997 1008 1232 1089 gradum
1273 1030 1387 1067 non
1426 1016 1656 1070 contin*-

212 1109 452 1169 gerent‚
494 1112 635 1149 unus
664 1113 733 1149 ex
765 1092 930 1171 regiis
967 1092 1152 1171 pueris
1184 1112 1428 1150 mensam
1463 1090 1654 1152 subdi-

214 1171 300 1229 dit
327 1172 585 1251 pedibuS.
612 1172 688 1232 Et
711 1195 840 1232 cum
867 1171 1202 1253 spadonem,
1230 1173 1326 1253 qui
1347 1172 1507 1232 Darii
1530 1171 1654 1235 fue·

214 1271 301 1313 rat
320 1297 338 1323 ,
371 1254 833 1336 ingemiscentem
861 1256 1242 1335 conspexisset
1269 1277 1365 1315 rex
1385 1276 1405 1326 3
1440 1276 1687 1332 cansam*

216 1334 450 1412 moestitiae
484 1340 770 1415 requisivit.
808 1336 914 1396 Ille
953 1337 1162 1397 indicat
1184 1379 1202 1406 ,
1243 1339 1485 1393 Darium
1511 1339 1657 1394 vesci

216 1419 274 1472 in
301 1439 359 1475 ea
376 1417 591 1494 fhlititm
619 1443 634 1473 .·
661 1418 816 1497 seque
831 1419 1050 1494 ῥίψω
1078 1425 1181 1491 ejzts
1207 1440 1437 1475 mensam
1462 1418 1536 1476 ad
1565 1421 1656 1474 lit-

218 1497 457 1557 dibrinm
483 1499 788 1557 recidentem
826 1503 932 1557 sine
965 1503 1201 1557 lacrimis
1241 1509 1518 1582 conspicere
1552 1522 1656 1557 non

210 1599 371 1662 posse.
417 1582 602 1642 Subiit
640 1605 775 1663 ergo
809 1605 999 1664 regem
1034 1582 1372 1643 verecundia
1406 1583 1658 1643 violandi

216 1664 524 1744 hospitales
575 1664 757 1725 Deos⁸
812 1667 1049 1746 Jamque
1096 1665 1322 1740 [ξτιέπάιιεὲ
1364 1664 1598 1745 jubebat
1638 1686 1653 1724 :

217 1768 349 1806 cum
372 1746 660 1819 Philotas3
694 1750 907 1804 minime
931 1769 1048 1803 vero
1074 1747 1171 1804 haec
1184 1748 1374 1824 feceris
1399 1767 1486 1802 rex
1507 1791 1525 1811 ³
1557 1745 1654 1821 sed

218 1851 366 1885 omen
405 1851 602 1909 quoque
645 1832 818 1911 accipe
838 1853 859 1896 ,-
900 1851 1131 1885 mensam
1160 1875 1176 1898 ‚
1222 1850 1283 1885 ex
1320 1849 1426 1907 qna
1462 1826 1656 1886 libavit

219 1908 367 1985 hostis
397 1915 571 1993 epulas
590 1954 608 1981 ,
636 1914 735 1967 tuis
754 1909 969 1992 pedibus
997 1932 1091 1966 esse
1106 1909 1405 1985 fiiij-‘efflavi

299 1993 427 2053 Rex
448 2037 464 2063 ‚
496 1993 734 2053 Persidis
767 1991 904 2053 fines
950 1992 1199 2053 aditurus
1221 2036 1237 2060 ‚
1273 1993 1415 2052 Susa
1457 1992 1656 2052 urbem

219 2075 509 2135 Archelao
542 2079 600 2135 &
631 2077 948 2156 praesidium
987 2094 1071 2134 111
1114 2074 1351 2134 millium
1382 2073 1655 2135 tradidit:

220 2157 549 2237 Xenophilo
584 2163 723 2217 arcis
765 2181 897 2217 cura
929 2155 1189 2216 mandata
1222 2154 1298 2215 est
1327 2177 1339 2211 :
1380 2154 1657 2215 Macedo·-

219 2262 355 2299 num
407 2260 569 2299 aetate
617 2263 817 2320 graves
861 2238 1158 2318 praesidere
1200 2238 1340 2297 arcis
1386 2235 1655 2300 custodiae

219 2323 370 2403 jussi.
398 2320 817 2382 Thesaurorum
843 2320 1137 2380 Callicrati
1155 2320 1331 2379 tutela
1354 2321 1658 2398 permissa:

221 2406 488 2483 Satrapea
516 2405 757 2483 regionis
782 2405 956 2464 Susiae
980 2400 1228 2461 restituta
1250 2400 1498 2459 Abuliti.
1531 2402 1658 2462 Ma.-

221 2506 365 2546 trem
407 2506 637 2565 quoque
675 2484 920 2545 Darii&
952 2484 1158 2543 liberos
1194 2485 1249 2541 in
1283 2481 1475 2542 eadem
1512 2483 1655 2546 urbe

221 2567 475 2646 deponit.
509 2567 604 2627 Ac
637 2564 783 2627 forte
818 2566 1217 2626 Macedonicas
1254 2562 1428 2625 vestes
1448 2606 1466 2632 ,
1506 2566 1654 2623 mul-

222 2668 451 2727 tamque
475 2671 815 2729 purpuram,
861 2648 1015 2708 dono
1055 2670 1124 2707 ex
1167 2646 1501 2706 Macedonia
1544 2647 1651 2707 sibi

222 2731 444 2793 missam
462 2773 482 2803 ,
522 2754 653 2794 cum·
675 2732 791 2805 his,
826 2752 950 2813 quae
974 2753 1098 2794 eam
1116 2727 1474 2798 confecerant
1492 2770 1514 2798 2
1538 2746 1651 2798 tra:
