1690 3067
254 88 518 142 LJVRE
557 93 610 141 V.
653 84 1106 138 CHAPITRE
1143 86 1237 140 W
1420 99 1475 153 μ

64 175 254 255 gebat.
276 173 522 234 Invictus
548 173 617 232 ad
641 196 757 232 eam
785 173 931 231 diem
959 170 1168 240 fuerat,
1193 171 1328 232 nihil
1347 171 1486 232 frus-¹

67 278 150 316 tra
184 277 383 315 ausus:
428 260 653 334 impune
682 254 897 314 Ciliciae
929 251 1118 312 fauces
1141 255 1482 316 intraverat-2

61 339 196 396 mari
221 358 449 418 quoque
474 357 689 397 novum
712 338 816 395 iter
840 336 895 393 in
929 334 1315 416 Pamphyliam
1345 359 1483 418 ape-

59 438 281 479 ruerat:
325 439 462 478 tunc
501 417 789 477 haesitabat
826 415 1167 496 deprehensa
1209 414 1507 492 felicitasir

58 522 161 560 nec
190 500 339 559 aliud
369 499 676 559 remedium
708 518 826 559 erat
857 542 875 568 ,
926 520 1092 578 quarn
1127 500 1334 558 reverti
1370 522 1482 580 qua

59 601 306 643 venerat.
331 581 534 661 Itaque
558 584 717 662 signo
747 581 998 660 receptui
1029 579 1163 639 dato
1183 622 1201 649 ,
1237 578 1481 641 densatis

56 664 367 744 agminibus
390 709 406 736 ,
437 663 718 744 scutisque
748 661 908 742 super
946 661 1127 741 capita
1163 667 1435 721 consertis
1459 706 1476 732 ,

59 767 210 804 retro
235 744 470 805 evadere
492 766 561 803 ex
584 742 843 822 angustiis
863 744 1041 826 jubet.
1061 764 1180 804 xxx
1205 741 1358 805 fuere
1381 742 1481 815 stam¹

62 826 149 887 dia
168 871 186 898 ‚
219 848 344 909 quae
367 833 608 888 remensi
635 827 779 886 sunt.

151 987 307 1047 CAP.
333 987 452 1050 IV.
474 989 626 1049 Tum
649 988 833 1048 castris
854 986 1101 1067 undique
1126 1005 1321 1067 aperto
1343 984 1477 1047 loco

54 1071 276 1146 positi3‚
293 1091 403 1128 non
425 1071 739 1130 consultare
757 1068 929 1127 modo
953 1068 1088 1148 quid
1105 1068 1380 1148 agendum
1400 1068 1479 1129 es-

54 1147 132 1207 set
149 1171 166 1221 3
186 1148 279 1209 sed
302 1171 455 1209 vates
481 1173 708 1232 quoque
734 1150 995 1209 adhibere
1016 1154 1189 1230 coepit
1210 1172 1239 1209 a
1261 1147 1476 1229 supers-

53 1231 250 1290 titione
271 1233 453 1291 animi.
470 1232 582 1291 Sed
602 1232 736 1312 quid
750 1252 885 1291 tunc
906 1231 1210 1310 praedicere
1225 1230 1479 1292 Aristan-

56 1311 154 1370 der
180 1313 270 1371 cui
290 1330 408 1371 tum
433 1313 735 1393 plurimum
760 1312 1095 1372 credebatur
1120 1335 1189 1372 ex
1214 1313 1434 1373 vatibus
1454 1357 1475 1383 ,

52 1392 316 1473 poterat?
337 1393 540 1476 Itaque
562 1395 834 1455 damnatis
851 1393 1245 1474 intempestivis
1264 1393 1477 1453 sacrifi-

53 1477 180 1544 ciis,
208 1475 416 1555 peritos
437 1479 692 1537 locorum
715 1481 1019 1537 convocari
1037 1477 1217 1556 jubet.
1234 1477 1339 1535 Per
1357 1476 1478 1536 Me-

51 1556 200 1616 diam
236 1559 341 1616 iter
366 1556 692 1617 ostendebat
723 1576 906 1617 tutum
933 1579 1338 1638 apertumque3
1379 1558 1474 1617 sed

50 1660 148 1698 rex
184 1637 465 1700 dimittere
500 1640 700 1699 milites
729 1639 1036 1719 insepultos
1070 1640 1478 1713 erubescebat:

36 1724 125 1779 -ita
151 1720 359 1779 tradito
387 1743 540 1781 more
557 1765 571 1790 ,
599 1740 661 1779 ut
681 1722 776 1782 vix
799 1721 977 1780 ullum
1001 1723 1209 1781 militiae
1233 1742 1348 1781 tam
1378 1721 1474 1782 so-

46 1799 228 1861 lemne
256 1823 396 1862 esset
421 1824 649 1871 murum,
676 1824 841 1882 quam
867 1803 1131 1862 humandi
1151 1804 1297 1871 suos·
1318 1804 1474 1884 Cap·-

50 1885 197 1944 tivos
223 1905 358 1964 ergo
378 1927 393 1952 ‚
425 1906 566 1964 quos
592 1904 768 1964 nuper
794 1906 1089 1963 exceperat
1111 1929 1127 1955 ,
1164 1888 1354 1946 vocari
1386 1890 1467 1966 ju-

51 1964 187 2036 bet3
218 1967 359 2024 inter
397 1987 538 2046 quos
565 1985 682 2025 erat
705 1965 935 2044 quidam
962 1967 1177 2028 Graecae
1203 1968 1470 2027 Persicae-

50 2067 156 2124 que
191 2044 395 2126 linguae
430 2048 639 2126 peritus
663 2088 680 2114 ,
718 2049 813 2126 qui
842 2045 1035 2107 frustra
1061 2071 1186 2107 eum
1211 2051 1265 2107 in
1291 2050 1471 2108 Persi-

47 2127 175 2186 dem
199 2132 476 2187 montium
509 2128 679 2187 dorso
721 2129 1029 2188 exercitum
1071 2130 1280 2190 ducere
1323 2130 1471 2190 affir·

47 2227 202 2280 mat3
236 2207 506 2269 silvestres
542 2229 656 2268 esse
694 2209 859 2269 calles
892 2252 909 2278 ,
947 2211 1041 2273 vix
1073 2213 1303 2291 singulis
1335 2234 1468 2294 per-

48 2294 168 2348 vios
192 2311 204 2348 :
241 2292 420 2349 omnia
449 2296 676 2368 contegi
703 2288 996 2351 frondibus
1017 2335 1034 2361 ,
1074 2294 1467 2374 implexosque

50 2371 310 2432 arborum
352 2394 534 2432 ramos
583 2372 744 2432 silvas
786 2375 1155 2433 committere.
1202 2376 1464 2454 Namque

48 2451 226 2510 Persis
256 2452 324 2511 ab
354 2454 529 2513 altero
561 2453 733 2514 latere
757 2456 1038 2534 perpetuis
1064 2458 1339 2516 montium
1372 2461 1464 2533 ju=

44 2534 128 2613 gis
153 2532 430 2594 clauditur
447 2579 463 2605 ‚
504 2535 659 2615 quod
695 2537 749 2593 in
774 2535 1181 2617 longitudinem
1208 2557 1343 2598 MDc
1363 2538 1464 2599 sta—

45 2615 133 2672 dia
153 2658 167 2682 ,
195 2618 250 2674 in
284 2615 631 2675 latitudinem
658 2637 819 2677 CLxx
843 2621 1142 2697 procurrit.
1168 2619 1302 2679 Hoc
1330 2619 1462 2680 dor-

45 2717 166 2756 sum
188 2718 216 2757 a
251 2695 508 2758 Caucaso
534 2718 724 2760 monte
750 2698 819 2759 ad
845 2699 1077 2770 rubrum?
1107 2721 1254 2758 mare
1291 2706 1463 2780 perti&

1185 2800 1220 2847 B
1244 2799 1294 2850 iv
