1690 3067
169 78 432 141 LJVRE
467 90 649 141 VIII.»
681 90 1266 141 CHA‘PTTREJV.
1349 104 1443 154 323

26 197 126 240 ret.
159 175 337 234 Dahae
377 174 709 253 Spitamenis
748 173 901 232 caede
939 195 1225 253 comperta
1265 176 1445 235 Data-

26 260 265 340 phernen
283 300 297 324 ,
321 254 643 314 defetstionis
670 257 785 332 ejus
807 258 1135 335 participem
1156 299 1171 325 ,
1197 259 1445 317 Vindium

28 338 353 401 Alexandro
377 335 544 417 seque
569 335 803 395 dedunt.
823 335 929 394 Ille
954 342 1190 395 maxima
1215 342 1447 417 praesen-

25 423 158 481 tium
195 442 454 479 curarum
479 439 633 500 parte
668 417 932 476 liberatus
957 460 973 486 ,
1014 425 1296 478 convertit
1334 426 1448 481 ani·

20 525 172 564 ,mum
193 499 262 560 ad
289 500 648 560 vindicandas
682 501 903 577 injurias
932 520 1125 558 eorum
1145 541 1161 566 ,
1190 500 1390 579 quibus
1414 527 1445 564 a

8 655 9 658 Ἰ
63 582 349 642 raetoribus
380 581 485 639 suis
510 603 670 639 avare
703 603 767 639 ac
789 579 1024 658 superbe
1047 581 1446 659 imperabatur.

22 605 172 743 v{rgo
199 663 591 741 Phratapherni
614 663 957 742 Hyrcaniam
982 666 1038 721 &
1058 662 1291 720 Mardos
1313 687 1442 733 cum

22 744 260 823 ,Tapuris
279 744 507 802 tradidit
522 787 537 812 ‚
563 743 957 823 mandavitque
977 786 991 812 ,
1013 762 1074 801 ut
1092 743 1407 805 Phradaten
1423 790 1442 817 ‚

25 827 111 886 cui
144 824 480 885 succedebat
502 869 517 893 ‚
555 824 624 884 ad
656 823 709 884 se
745 827 799 882 in
837 824 1144 883 custodiam
1172 829 1442 890 mitteret.

24 906 225 967 Arsani
261 907 612 966 Drancarum
648 904 909 985 praefed'to
941 905 1198 971 substitus
1223 906 1297 966 est
1317 910 1444 969 Sta-

17 985 427 1051 ·sanorArsaces
452 993 508 1049 in
532 989 769 1046 mediam
797 989 985 1047 missus
1007 1031 1023 1057 ,
1058 1007 1118 1046 ut
1143 987 1445 1071 Oxydates

0 1069 144 1132 xinde
191 1069 526 1129 discederet.
572 1069 886 1149 Babylonia
941 1088 1168 1129 mortuo
1220 1073 1446 1133 Mazaeo

0 1149 380 1239 ¹Deditameni
401 1150 641 1228 subjecra
667 1150 761 1209 est.

101 1232 150 1291 C
181 1250 219 1289 A
249 1252 304 1292 P.
340 1231 459 1292 IV.
493 1232 598 1290 His
620 1232 942 1310 compositis
965 1233 1132 1291 tertio
1157 1254 1344 1292 mense
1371 1257 1444 1294 ex

26 1313 255 1372 hibernis
297 1315 476 1373 movit
517 1315 824 1372 exercitum
863 1357 880 1381 ,
934 1316 1217 1392 regionem
1254 1358 1269 1384 ,
1315 1339 1442 1395 quae

29 1393 247 1451 Gabaza
267 1395 609 1474 appellatur,
633 1395 900 1454 aditurus.
922 1395 1136 1454 Primus
1159 1396 1274 1454 dies
1294 1399 1444 1478 quie·

30 1494 136 1535 tum
173 1481 279 1537 iter
315 1477 592 1555 praebuit:
628 1477 914 1556 proximus
947 1477 996 1535 ei
1029 1478 1278 1536 nondum
1319 1480 1442 1558 qui-

28 1556 147 1617 dem
186 1556 533 1636 procellosus
571 1560 628 1616 &
671 1555 833 1616 tristis
862 1598 880 1624 ,
921 1557 1215 1617 obscurior
1253 1578 1443 1620 tamen

33 1636 241 1715 pristino
262 1682 278 1708 ,
307 1660 420 1697 non
441 1643 554 1698 Sine
581 1639 739 1696 minis
763 1645 1063 1698 crescentis
1088 1641 1215 1698 mali
1238 1661 1442 1719 praete-

35 1718 127 1779 tiit.
147 1719 345 1779 Tertio
370 1721 438 1778 ab
463 1720 615 1778 omni
643 1739 797 1799 parte
830 1721 958 1778 coeli
991 1722 1226 1780 emicare
1250 1720 1444 1802 fulgu·

37 1820 74 1858 ‘a
95 1843 115 1868 -‚
149 1804 206 1860 ὅ(
241 1823 386 1859 nunc
415 1801 771 1860 internitente
798 1800 922 1859 luce
947 1845 964 1869 ,
1000 1823 1148 1860 nunc
1174 1803 1403 1864 condita
1422 1847 1442 1874 ,

40 1902 128 1938 ion
154 1882 351 1941 oculos
373 1881 546 1941 modo
577 1884 808 1942 meantis
828 1885 1104 1942 exercitus
1121 1926 1135 1950 ,
1158 1881 1250 1942 sed
1274 1889 1443 1945 etiam

41 1968 230 2022 mimos
266 1984 471 2023 terrere
510 1967 823 2042 coeperunt.
864 1963 1000 2022 Erat
1038 1985 1215 2043 prope
1256 1968 1444 2025 conti-

43 2065 156 2102 1uus
180 2044 309 2103 coeli
334 2043 522 2124 fragor
540 2087 555 2112 ,
592 2048 648 2102 &
673 2047 872 2123 passim
900 2044 1216 2104 cadentium
1251 2046 1446 2107 fulmi-

45 2145 151 2182 1um
186 2123 395 2205 species
437 2126 738 2185 visebatur.
786 2127 1176 2205 Attonitisque
1220 2129 1447 2187 auribus

47 2203 238 2284 iupens
282 2228 481 2285 agmen
518 2228 622 2265 nec
656 2207 960 2288 progredi,
1004 2229 1107 2266 nec
1149 2208 1447 2269 consistere

49 2285 280 2347 rudebat.
302 2288 451 2346 Tum
479 2308 708 2368 repente
735 2290 912 2347 imber
931 2288 1263 2368 grandinem
1289 2292 1451 2349 incu-

55 2367 161 2426 iens
180 2375 440 2428 torrentis
463 2369 635 2428 modo
660 2369 985 2429 effunditur.
1011 2369 1102 2428 Ac
1126 2374 1305 2448 primo
1330 2373 1450 2451 qui·-

53 2446 152 2506 lem
175 2452 338 2509 armis
356 2451 462 2510 suis
488 2452 618 2509 tedii
643 2470 979 2530 exceperant
1013 2493 1031 2518 ,
1074 2448 1167 2509 sed
1194 2458 1302 2532 jam
1345 2474 1447 2528 nec

0 2520 41 2587 iu
61 2530 257 2590 etinere
290 2555 436 2590 arma
463 2531 693 2591 lubricae
720 2537 777 2590 &
802 2534 1044 2610 rigentes
1073 2553 1263 2593 manus
1291 2555 1451 2613 pote·
1480 2567 1482 2573 ·

42 2628 188 2679 ¹ant3
225 2633 326 2671 nec
368 2614 471 2692 ipsi
511 2613 814 2676 destinare,
862 2615 917 2669 in
957 2634 1122 2691 quarn
1164 2616 1450 2695 regionem

4 2716 8 2746 1
61 2689 388 2752 ›bverterent
426 2715 662 2772 corpora
684 2738 700 2762 ,
727 2716 857 2752 cum
885 2694 1132 2772 undique
1156 2696 1452 2774 tempesta-

10 2807 12 2815 ι
63 2770 107 2827 ἰς
126 2772 387 2837 violentia
412 2779 585 2856 major
608 2817 627 2847 ‚
655 2796 819 2858 quam
843 2774 1131 2851 vitabatur
1149 2819 1163 2845 ,
1198 2782 1460 2837 occurre*

70 2868 140 2922 CK·
1131 2868 1178 2918 O
1205 2867 1251 2930 v}
