1690 3067
396 87 659 151 [IVRE
693 103 756 149 X.
797 95 1252 149 CHAPITRE
1283 98 1390 151 [xz
1523 111 1608 168 57⁷1

195 207 249 245 te
277 206 401 246 eum
437 185 583 244 diem
621 183 803 243 fratris
846 183 1097 244 claritate
1133 182 1474 265 suppressam
1499 224 1522 255 9
1554 207 1616 244 ea

195 267 482 326 moderata
521 267 783 325 excitavit
817 266 1016 324 oratio,
1057 264 1258 346 Itaque
1303 268 1485 325 cuno-'‘ti
1516 265 1619 325 ins-

194 368 312 407 tare
338 367 631 427 coeperunt
650 389 666 415 ,
707 364 762 401 ut
785 368 887 424 qnae
913 348 1153 425 agitasset
1177 390 1195 416 ‚
1235 352 1414 426 exequi
1438 351 1617 408 vellet,

196 428 442 488 Eosdem
466 450 651 487 rursus
678 428 827 508 legat
852 430 1126 506 petituros
1143 471 1158 496 ,
1191 446 1246 484 ut
1271 432 1619 508 Meleagrum

197 514 406 566 tertium
441 509 624 564 ducem
656 513 954 588 acciperent.
992 509 1165 567 Haud
1190 527 1333 589 aegre
1359 511 1415 570 id
1440 511 1618 590 impe-

196 610 405 650 tratum
431 587 525 649 est.
549 590 697 647 Nam
721 593 778 648 ὃς
800 587 1081 648 abducere
1115 589 1463 670 Meleagrum
1487 591 1619 649 Per==

197 672 356 732 dicca
386 696 414 731 a
439 694 569 751 rege
592 669 889 749 cupiebat5
915 674 972 729 &
998 691 1168 730 unum
1201 671 1424 731 duobus
1445 675 1620 750 impa=

197 776 313 814 rem
350 752 599 812 futurum
631 772 747 810 esse
778 752 1062 811 censebat.
1102 751 1287 832 Igitur
1321 753 1616 832 Meleagro

199 857 325 895 cum
351 834 624 914 phalange
649 834 870 893 obviam
896 854 1118 913 egresso
1135 876 1150 901 ,
1174 833 1438 893 Perdicca
1463 834 1619 912 equi-

197 935 319 976 tum
359 936 567 975 turmas
610 913 947 973 antecedens
989 916 1251 972 occurrit.
1292 916 1618 992 Utrumque

199 1019 397 1077 agmen
424 1016 613 1056 mutua
640 996 969 1054 salutatione
994 993 1131 1054 faeta
1155 997 1271 1054 coit
1291 1017 1311 1065 3
1344 998 1397 1055 in
1421 1015 1622 1075 perpe-

197 1098 357 1136 tuum
380 1121 395 1147 ,
432 1099 495 1138 ut
534 1077 989 1146 arbitrabantur,
1034 1076 1337 1137 concordia
1381 1081 1440 1137 ὅ(
1476 1096 1616 1157 pace

195 1158 432 1220 firmata.

279 1320 331 1379 C
356 1338 393 1379 A
417 1339 469 1379 Ρ.
503 1317 534 1377 Ι
564 1317 640 1378 X.
691 1319 803 1379 Sed
848 1322 956 1397 jam
1000 1316 1122 1380 fatis
1164 1317 1615 1378 admovebantur

195 1401 580 1461 Macedonum
612 1405 770 1480 genti
805 1402 951 1461 bella
985 1401 1190 1462 civilia.
1215 1401 1363 1459 Nam
1391 1403 1448 1459 ὅς
1471 1401 1614 1459 inse-2

197 1482 394 1541 ciabile
417 1482 491 1540 est
516 1505 747 1562 regnum
770 1504 787 1553 3
817 1488 872 1542 &
898 1507 926 1542 a
953 1483 1201 1562 plur-ibus
1222 1481 1612 1560 expetebatur„

193 1564 438 1621 Primum
466 1586 600 1643 ergo
634 1563 912 1644 collegere
938 1567 1124 1636 vires3
1157 1563 1357 1621 deinde
1389 1563 1614 1642 disper-2

192 1643 380 1704 serunt
408 1666 419 1702 :
452 1647 508 1704 ὅ(
536 1668 662 1704 cum
691 1646 942 1723 pluribus
968 1665 1168 1723 corpus
1189 1685 1206 1713 ,
1238 1665 1407 1722 quam
1430 1644 1613 1722 capie-

192 1727 322 1794 bat,
357 1747 708 1794 onerassent,
740 1747 921 1785 cetera
944 1725 1190 1785 membra
1223 1723 1463 1782 deficere
1494 1747 1611 1783 coe-

189 1826 426 1886 perunt:
457 1808 724 1886 quodque
749 1809 1036 1886 imperium
1062 1805 1162 1864 sub
1190 1827 1304 1864 uno
1328 1803 1465 1863 stare
1495 1827 1609 1884 poe

189 1890 381 1947 tuisset
398 1930 412 1954 ,
438 1888 572 1946 dum
595 1911 621 1946 a
643 1889 894 1967 pluribus
914 1886 1237 1955 sustinetur,
1261 1887 1389 1944 ruit.
1413 1886 1604 1945 Proin-
1625 1891 1627 1893 ’

190 1968 260 2027 de
293 1972 411 2046 jure
448 1975 760 2048 meritoque
790 1969 1031 2048 populus
1061 1969 1348 2027 Romanus
1370 1966 1604 2027 salutem

186 2048 240 2107 se
265 2052 500 2129 principi
535 2050 632 2107 suo
662 2049 866 2108 debere
894 2049 1192 2129 profitetur
1212 2093 1229 2118 ,
1269 2051 1360 2107 cui
1383 2051 1560 2109 noffis
1582 2068 1603 2118 ,’

188 2152 351 2208 quam
381 2152 519 2208 pene
545 2130 851 2208 supremam
875 2130 1195 2198 habuimus,
1221 2153 1432 2190 novum
1452 2129 1604 2190 sidus

183 2212 384 2271 illuxit.
410 2212 598 2288 Hujus
624 2211 844 2271 hercule
861 2255 876 2280 ‚
901 2232 1011 2269 non
1035 2211 1159 2270 solis
1187 2232 1341 2270 ortus
1363 2254 1379 2280 ,
1413 2210 1600 2270 lucem

184 2293 442 2372 caliganti
469 2293 712 2352 reddidit
741 2293 952 2351 mundo
975 2314 992 2363 3
1017 2316 1140 2351 cum
1163 2295 1276 2351 sine
1296 2290 1394 2351 suo
1421 2294 1603 2372 capite

186 2373 464 2432 discordia
502 2375 747 2433 membra
786 2375 1146 2454 trepidarent.
1174 2376 1336 2446 Quot
1360 2373 1452 2433 ille
1476 2393 1600 2433 tum

185 2456 420 2513 extinxit
453 2453 643 2512 faces?
675 2474 815 2534 quot
841 2455 1092 2513 condidit
1118 2454 1335 2533 gladios
1355 2463 1379 2511 ?
1419 2475 1596 2534 quan-

182 2554 294 2592 tam
328 2532 708 2612 tempestatem
752 2533 927 2594 subita
967 2534 1255 2595 serenitate
1288 2534 1598 2594 discussit?
1662 2563 1665 2570 ·

181 2615 315 2672 Non
357 2637 489 2693 ergo
527 2620 813 2673 revirescit
850 2616 1024 2674 solum
1052 2660 1066 2683 ‚
1107 2615 1200 2675 sed
1231 2616 1394 2675 etiam
1426 2615 1597 2675 floret
1676 2630 1681 2654 ³

181 2697 491 2775 imperium.
518 2696 687 2755 Absit
713 2695 884 2757 modo
909 2697 1112 2758 invidia
1131 2740 1148 2768 ,
1179 2699 1417 2777 excipiet
1437 2697 1600 2777 hujus

1669 2314 1690 2487 l

1667 2413 1673 2458 ‚f
