1690 3067
350 93 1293 146 LIVREVCHAPITREV.
1485 98 1550 156 '43'

127 177 388 240 fuderant
410 179 531 257 ipsi.
559 178 788 257 Quippe
826 179 880 236 in
904 196 1017 236 tam
1053 178 1351 258 multiplici
1383 180 1558 239 varia-

126 282 239 342 que
276 259 500 319 fortuna
524 260 872 338 singulorum
905 301 922 327 ,
965 261 1312 319 intuentibus
1349 260 1558 320 similes

127 341 357 423 quidem
380 383 399 409 ‚
430 339 526 401 sed
550 360 737 401 tamen
762 340 1006 421 dispares
1026 362 1220 420 poenas
1239 384 1258 410 ‚
1289 346 1414 422 quis
1437 362 1554 400 ma-

126 429 277 485 xime
310 421 641 483 miserabilis
678 442 823 481 esset
855 465 874 491 ,
913 423 1129 501 liquere
1168 443 1280 482 non
1307 441 1551 503 poterat.

129 506 219 565 Ut
245 526 383 568 vero
406 509 450 563 J
453 525 599 559 ovem
623 502 705 565 illi
729 503 946 559 tandem
974 506 1165 560 Graeciae
1191 507 1401 560 ultorem
1426 522 1552 584 ape-

129 588 293 643 ruisse
329 587 496 643 oculos
539 584 964 646 conclamavere
991 605 1012 656 3
1053 607 1244 645 omnes
1281 587 1400 665 pari
1423 584 1552 664 sup·

128 668 302 748 plicio
345 665 528 726 affeffi
563 668 668 727 sibi
710 667 1066 728 videbantur.
1105 667 1231 728 Rex
1258 666 1507 726 abstersis
1533 709 1551 735 ,

130 771 266 831 quas
287 746 615 830 profuderat
637 792 655 819 ,
686 749 926 809 lacrimis
949 793 966 814 ,
1001 748 1189 805 bonnm
1225 748 1404 806 habere
1437 750 1554 803 am?-

133 852 277 887 mnm
299 832 461 912 jubet
484 849 504 901 3
527 833 723 886 visuros
750 829 1038 906 urbessnas
1072 835 1402 910 conjugesqne
1433 854 1451 884 .·
1492 832 1553 890 δε

132 911 305 972 castra
356 910 487 970 inde
535 910 649 970 duo
696 912 765 971 ab
815 911 955 970 urbe
1005 910 1175 972 stadia
1219 914 1551 971 communit.

134 995 321 1054 Graeci
357 1013 707 1052 excesserant
743 991 893 1054 vallo
915 1036 933 1061 ‚
975 993 1374 1062 deliberaturi,
1417 991 1555 1072 quid

132 1076 479 1154 potissimum
506 1095 534 1132 a
560 1095 690 1154 rege
717 1093 974 1153 peterent
998 1095 1010 1132 t
1055 1097 1298 1155 cumque
1332 1074 1447 1133 aliis
1478 1072 1556 1131 se-

133 1155 231 1214 des
265 1158 319 1216 in
371 1154 504 1212 Asia
536 1175 778 1234 rogare3
816 1155 933 1215 aliis
969 1157 1177 1216 reverti
1204 1156 1402 1216 domos
1436 1156 1554 1234 pla-

128 1258 324 1376 {erem
359 1234 688 1317 Euthymon
716 1236 984 1319 Cymaeus
1008 1238 1083 1298 ita
1108 1236 1334 1297 locutus
1357 1236 1425 1296 ad
1458 1258 1556 1296 eos

154 1338 327 1381 ertur.

219 1508 254 1532 ω
281 1478 397 1548 Hi,
441 1480 538 1560 qui
563 1481 734 1541 modo
761 1479 830 1541 ad
865 1501 1032 1561 opem
1054 1480 1356 1561 petendam
1378 1503 1448 1540 ex
1472 1500 1557 1541 te-

132 1569 168 1614 ’ω
194 1562 376 1619 nebris
403 1565 460 1620 ὃς
498 1585 719 1622 carcere
757 1562 1063 1643 procedere
1097 1564 1454 1632 erubuimus,
1490 1583 1556 1622 ut

131 1664 339 1702 :nnunc
379 1641 494 1712 est,
536 1643 837 1724 supplicia,
879 1650 1160 1724 <quorum
1202 1667 1303 1703 nos
1344 1645 1554 1724 pudeat

132 1750 165 1775 πο
190 1726 362 1803 magis
387 1747 453 1784 an
478 1728 748 1805 poeniteat
767 1769 784 1795 ,
821 1728 1098 1785 incertum
1123 1724 1242 1803 est)
1277 1725 1559 1786 osten-tare

131 1833 165 1857 ευ
194 1807 428 1865 Graeciae
453 1808 606 1867 velut
638 1807 830 1866 laerum
861 1806 1235 1887 speciaculum
1276 1810 1554 1886 cupimus,

133 1912 166 1937 ω
192 1887 275 1946 At
306 1889 342 1944 ii
379 1890 589 1968 optime
630 1890 869 1947 miserias
912 1887 1133 1957 ferunt,
1176 1890 1272 1968 qui
1317 1889 1554 1948 abscon-

131 1994 166 2020 ευ
189 1968 365 2027 dunt:
408 1991 510 2028 nec
538 1969 648 2028 ulla
677 1968 751 2028 est
783 1990 896 2028 tam
933 1967 1209 2027 familiaris
1242 1968 1556 2030 infelicibus

132 2075 167 2101 πο
194 2051 369 2128 patria
395 2093 410 2118 ,
440 2072 605 2131 quam
630 2050 903 2119 solitudO,
929 2054 985 2109 ὃς
1009 2049 1175 2109 status
1197 2052 1394 2130 prioris
1418 2051 1557 2110 obli⁶

131 2156 166 2182 ω
195 2132 307 2190 vio·
345 2132 492 2191 Nam
515 2134 611 2213 qui
634 2131 869 2190 multum
895 2133 948 2190 in
983 2130 1208 2190 suorum
1247 2133 1556 2191 misericor·

131 2238 166 2263 ω
196 2211 282 2271 dia
319 2233 539 2291 ponunt
563 2257 577 2282 ‚
617 2215 876 2293 ignorant
917 2235 1082 2294 quam
1119 2213 1374 2272 celeriter
1400 2214 1558 2273 lacri-

132 2320 166 2344 α)
191 2305 292 2352 mae
315 2299 648 2370 inarescant.
675 2294 862 2354 Nemo
882 2293 1126 2355 fideliter
1147 2295 1328 2374 diligit
1347 2339 1362 2364 ‚
1389 2318 1558 2375 quem

134 2401 167 2425 σο
193 2373 435 2449 fastidit3
467 2398 591 2436 nam
619 2379 675 2435 ὅς
702 2376 981 2436 calamitas
1006 2376 1234 2458 querula
1259 2375 1335 2436 est
1356 2401 1374 2448 3
1397 2381 1452 2435 &
1477 2376 1559 2435 su-

133 2482 167 2506 20
196 2457 366 2534 perba
392 2457 645 2517 felicitas.
678 2456 767 2517 Ita
809 2458 959 2518 suam
998 2460 1232 2539 quisque
1274 2456 1561 2518 fortunam

133 2562 168 2588 σο
195 2538 247 2596 in
286 2539 516 2597 consilio
539 2540 706 2598 habet
729 2582 744 2608 ,
774 2562 900 2600 cum
939 2538 1008 2599 de
1040 2539 1214 2598 aliena
1247 2539 1558 2599 deliberat:

135 2643 168 2668 ω
197 2622 253 2677 &
275 2621 378 2679 nisi
403 2640 600 2680 mutuo
624 2642 865 2681 essemus
887 2622 1108 2689 miseri,
1145 2621 1278 2680 olim
1306 2620 1443 2681 alius
1469 2620 1561 2680 alii

133 2725 168 2751 ω
192 2700 566 2780 potuissemus
586 2723 712 2765 esse
738 2699 974 2767 fastidio·
1013 2701 1168 2777 Quid
1193 2707 1397 2763 mirum
1439 2700 1556 2779 esta
