1690 3067
260 85 525 139 LJVRE
559 85 694 137 νη.
731 82 1193 136 CHAPITRE
1240 91 1294 138 V.
1429 92 1525 153 235

108 172 328 235 caribus
361 173 587 231 concito
620 172 674 229 in
711 169 897 230 medio
933 170 1154 230 barbari
1187 191 1415 251 gutture
1451 177 1530 232 ita

105 255 230 316 fixit
251 298 266 324 ,
300 274 363 312 ut
393 276 489 333 per
514 254 792 314 cervicem
821 257 1108 312 emineret.
1144 254 1530 332 Praecipitatus

107 360 177 397 ex
216 357 365 415 equo
407 335 673 394 barbarus
717 334 896 394 adhuc
937 354 1120 394 tamen
1163 336 1533 415 repugnabat-¹

107 418 223 478 Sed
251 417 344 476 ille
389 419 689 477 extractam
724 439 792 476 ex
827 416 1057 477 vulnere
1099 415 1304 474 hastam
1341 436 1530 477 rursus

104 501 161 559 in
189 521 250 558 os
277 499 483 579 dirigit.
518 498 904 559 Satibarzanes
929 497 1133 557 hastam
1171 520 1336 557 manu
1370 521 1531 558 com-

104 581 303 662 plexus
329 623 345 650 ,
381 603 494 660 quo
526 583 794 639 maturius
830 583 1080 640 interiret
1102 624 1116 648 ,
1161 583 1325 638 ictum
1362 579 1532 638 hostis

105 664 340 741 adjuvit.
366 663 440 721 Et
465 662 687 723 barbari
714 663 856 722 duce
891 664 1093 721 amisso
1115 706 1130 732 ‚
1165 683 1331 743 quem
1356 662 1533 743 magis

102 745 432 804 necessitate
480 767 646 825 quam
687 744 884 824 sponte
927 743 1098 803 secuti
1141 763 1296 804 erant
1327 786 1345 812 ,
1389 764 1530 803 tun-c

101 824 251 884 haud
284 827 634 885 immemores
655 829 980 886 meritorum
1007 825 1352 894 Alexandri,
1381 847 1531 885 arma

102 906 342 987 Erigyio
386 907 635 967 tradunt.
679 908 805 967 Rex
842 909 923 969 his
957 907 1185 987 quidem
1225 908 1423 977 iaetUS‚
1461 907 1533 967 de

104 988 390 1068 Spartanis
432 989 860 1069 haudquaquam
901 988 1120 1047 securus
1155 1033 1168 1058 ‚
1212 1011 1416 1067 magno
1448 1009 1533 1050 ta·

104 1092 231 1128 men
261 1070 444 1128 animo
477 1069 844 1128 defeciionem
878 1091 1073 1128 eorum
1102 1072 1267 1145 tuiitg
1301 1071 1528 1140 dicens,

102 1173 204 1208 non
240 1168 359 1206 ante
385 1172 531 1207 ausos
558 1154 771 1208 consilia
797 1150 996 1207 nudare
1019 1194 1036 1220 ,
1073 1172 1231 1229 quam
1259 1160 1424 1232 ipsum
1455 1152 1530 1208 ad

93 1233 226 1311 fines
252 1229 412 1287 India
436 1235 729 1312 pervenisse
756 1234 1115 1311 cognovissent.
1137 1232 1266 1312 Ipse
1290 1234 1529 1294 Bessum

101 1334 438 1393 persequens
481 1315 670 1393 copias
705 1318 924 1372 movit:
972 1319 1064 1375 cui
1089 1313 1332 1396 Erigyus
1358 1313 1532 1393 spolia

101 1394 358 1463 barbari,
398 1417 501 1454 ceu
537 1397 785 1476 opimum
822 1395 954 1455 belii
990 1395 1159 1456 decus
1181 1441 1196 1467 ‚
1231 1395 1531 1478 praeferens

104 1496 373 1536 occurrit.

193 1558 245 1616 C
272 1574 310 1613 A
333 1578 388 1617 P.
411 1556 483 1615 V.
515 1555 699 1637 Igitur
718 1558 1141 1618 Eafirianorurn
1167 1561 1397 1638 regione
1417 1558 1530 1617 Ar·

102 1639 307 1698 tabazo
348 1639 596 1713 tradita3
637 1639 871 1699 sarcinas
916 1645 971 1700 &
1014 1640 1408 1719 impedimenta
1447 1641 1529 1703 ibi

100 1743 229 1781 cum
256 1720 517 1801 praesidio
554 1722 796 1803 reliquit.
826 1721 954 1802 Ipse
981 1744 1108 1781 cum
1136 1722 1401 1802 expedito
1429 1745 1529 1803 ag-

99 1807 246 1864 mine
284 1805 407 1864 loca
448 1802 664 1862 deserta
697 1803 1112 1884 Sogdianorum
1151 1808 1321 1862 intrat
1343 1847 1359 1873 ,
1390 1826 1526 1864 noc—

99 1904 268 1945 turno
293 1887 487 1945 itinere
514 1887 821 1944 exercitum
847 1886 1074 1945 ducens.
1097 1885 1392 1964 Aquarum
1413 1930 1429 1956 ‚
1464 1906 1529 1947 ut

101 1987 228 2026 ante
257 1967 464 2026 dictum
489 1965 564 2027 est
586 2010 601 2036 ,
633 1969 859 2046 penuria
879 2011 893 2035 ,
919 1970 1067 2046 prius
1098 1965 1485 2046 desperatione
1506 2010 1526 2039 ,

101 2071 267 2129 quam
307 2047 582 2107 desiderio
627 2049 855 2108 bibendi
900 2051 1044 2108 sitim
1090 2048 1366 2108 accendit.
1417 2049 1526 2109 Per

104 2150 269 2189 CCCC
306 2128 473 2190 stadia
499 2176 507 2190 ‚
535 2151 602 2189 ne
630 2129 881 2189 modicus
911 2130 1134 2210 quidem
1162 2129 1362 2189 humor
1387 2130 1528 2190 exis-

102 2216 191 2271 tit.
234 2211 451 2271 Arenas
485 2234 664 2292 vapor
700 2211 867 2272 aestivi
902 2212 1028 2271 solis
1066 2212 1361 2282 accendit,
1397 2234 1526 2293 quae

97 2293 197 2354 ubi
219 2293 452 2373 flagrare
478 2314 801 2372 coeperunt,
836 2293 984 2351 haud
1011 2292 1162 2353 secus
1188 2315 1355 2373 quam
1382 2315 1525 2353 con-

96 2375 297 2436 timenti
318 2374 577 2434 incendio
600 2377 795 2434 cundia
822 2396 1123 2434 torrentur.
1145 2374 1350 2456 Caligo
1373 2375 1524 2435 dein-

101 2454 170 2515 de
195 2455 499 2515 immodico
519 2476 682 2516 terrae
701 2455 919 2517 fervore
945 2462 1184 2517 excitata
1200 2499 1215 2524 ‚
1235 2456 1419 2517 lucem
1438 2477 1522 2516 te·

102 2538 217 2614 git:
253 2559 690 2618 camporumque
716 2559 824 2596 non
851 2537 950 2596 alia
973 2560 1137 2617 quam
1159 2537 1292 2597 vasti
1314 2543 1370 2598 &
1393 2560 1519 2618 pro-

99 2616 257 2676 fundi
289 2621 524 2699 aequoris
554 2619 762 2698 species
794 2618 889 2679 est.
914 2620 1268 2678 Noeiurnum
1293 2621 1399 2678 iter
1420 2640 1518 2677 to-

98 2697 322 2760 lerabile
344 2699 640 2762 videbatur
658 2744 675 2772 ,
710 2703 838 2783 quia
863 2722 988 2763 rore
1014 2705 1071 2763 &
1104 2703 1379 2761 matutino
1412 2698 1515 2772 fri-⁴
