1690 3067
125 82 384 155 ZI'VRE
419 76 554 138 VII.
589 79 1047 136 CHAPITRE
1086 81 1260 138 VIII.
1335 90 1431 148 272

13 199 47 233 ω
71 192 124 236 ta
150 179 403 243 eminus;
436 170 583 230 hasta
620 171 872 229 cominus
907 173 1164 249 petimus,
1204 173 1294 231 Sic
1321 173 1431 252 Sy-

15 287 48 312 ω
74 259 161 317 riae
185 276 369 335 regem
387 298 402 322 ,
422 244 487 312 ⁸&
509 250 725 332 postera
749 252 1037 310 Persarum
1054 295 1070 320 ,
1098 253 1431 311 Medorum-

14 366 45 393 „
71 360 175 418 que
196 335 569 415 superavimus
583 353 602 404 3
623 333 918 413 patuitque
940 332 1101 391 nobis
1122 338 1225 407 iter
1247 355 1428 413 usque

13 449 46 474 ω
71 425 122 480 in
148 417 484 498 AEgyptum.
522 414 606 473 At
631 435 690 473 tu
718 457 735 483 ‚
765 416 860 493 qui
883 434 939 473 te
966 414 1217 495 gloriaris
1242 415 1313 474 ad
1346 416 1431 473 la-

15 530 48 555 »
71 519 256 559 trones
285 495 704 577 persequendos
737 497 925 556 venire
949 539 965 565 ,
1004 498 1251 554 omnium
1284 518 1429 575 gen-2·

16 611 47 636 ω
71 582 205 640 tium
227 621 244 648 ,
282 599 418 658 quas
445 576 628 646 adisti,
655 577 798 635 latro
826 599 902 635 eS.
931 576 1172 658 Lydiam
1197 576 1386 655 cepisti
1411 597 1429 636 :

16 690 46 717 ω
69 663 278 743 Syriam
305 657 586 738 occupasti
611 680 623 717 ε
656 658 938 717 Persidem
961 679 1150 718 tenes:
1178 658 1429 717 Badiria-

17 762 170 803 anos
202 741 372 801 habes
405 742 457 798 in
494 739 805 820 potestate:
844 739 1021 799 Indos
1055 737 1237 820 petisti
1267 762 1279 798 ε
1315 742 1429 818 jam

19 825 230 882 »etiam
269 821 338 881 ad
376 843 579 900 pecora
615 819 796 879 nostra
835 843 1025 882 avaras
1059 825 1117 881 &
1154 819 1429 880 instabiles

21 918 260 964 »manus
295 904 549 982 porrigis
587 902 744 974 Quid
772 902 876 963 tibi
908 902 1113 962 divitiis
1141 923 1281 980 opus
1306 901 1381 961 est
1408 944 1425 969 ,

23 1015 49 1040 a
73 1006 193 1066 quae
223 1003 279 1042 te
306 986 507 1042 esurire
536 1002 749 1062 cogunt
774 982 796 1042 ἵ
827 983 1039 1042 Primus
1071 985 1315 1042 omnium
1339 983 1426 1043 sa-

25 1095 47 1120 o
69 1068 255 1126 tietate
277 1061 471 1144 parasti
498 1063 731 1131 famem3
756 1083 815 1122 ut
843 1085 956 1144 quo
980 1064 1136 1143 plura
1161 1064 1426 1133 habereS,

0 1176 49 1223 μ»
72 1151 247 1207 acrius
284 1165 407 1223 quae
453 1167 564 1204 non
605 1144 772 1203 habes
797 1187 812 1213 ,
847 1166 1098 1224 cuperes.
1139 1144 1274 1203 Non
1308 1144 1428 1205 suc-

28 1256 49 1282 u
73 1229 238 1288 currit
261 1229 364 1286 tibi
381 1268 394 1293 ‚
431 1224 696 1304 quamdiu
721 1227 932 1284 circum
959 1226 1152 1284 Badira
1177 1226 1382 1285 haereas
1399 1234 1426 1283 ?

29 1338 50 1362 ι»
77 1309 202 1368 dum
239 1306 364 1366 illos
397 1305 600 1387 subigis
619 1349 637 1376 ,
683 1306 956 1386 Sogdiani
991 1306 1197 1366 bellare
1229 1328 1427 1387 coepe-

31 1419 51 1441 n
72 1409 216 1450 runt.
245 1387 466 1447 Bellum
493 1388 596 1447 tibi
625 1410 694 1447 ex
718 1388 944 1449 vidioria
983 1390 1244 1446 nascitur.
1275 1388 1425 1448 Nam

33 1499 51 1522 ο
74 1491 132 1530 ut
154 1471 328 1545 major
351 1467 662 1549 fortiorque
696 1471 766 1529 sis
788 1491 952 1549 quam
985 1470 1276 1549 quisquam
1301 1490 1317 1538 3
1344 1489 1426 1528 ta-

33 1578 54 1605 n
75 1570 197 1611 men
219 1550 582 1631 alienigenam
610 1550 898 1610 dominum
919 1553 1034 1629 pati
1055 1571 1219 1610 nemo
1246 1549 1391 1612 vult.

96 1821 131 1847 ω
154 1790 353 1854 Transi
378 1790 549 1852 modo
572 1791 822 1852 Tanai'n:
850 1792 983 1853 scies
1004 1813 1169 1873 quarn
1194 1791 1304 1851 late
1325 1808 1424 1872 pa·'

41 1903 54 1928 ι
79 1892 228 1934 teant
261 1895 281 1945 3
327 1896 607 1955 nunquam
654 1893 836 1932 tamen
881 1875 1235 1954 consequeris
1275 1875 1425 1954 S‘cy-

42 1956 204 2015 .thas.
246 1956 548 2034 Paupertas
581 1953 761 2013 nostra
799 1953 1047 2015 velocior
1074 1957 1176 2014 erit
1198 1998 1213 2024 ,
1256 1977 1423 2034 quam

44 2037 342 2096 ·exercitus
383 2056 550 2105 ωας,
593 2037 687 2115 qui
730 2037 972 2114 praedam
1003 2055 1091 2094 tot
1132 2037 1420 2095 nationum

45 2114 243 2176 trehit.
285 2116 497 2175 Rursus
531 2137 658 2176 cum
697 2117 894 2194 procul
929 2115 1118 2176 abesse
1154 2138 1256 2175 nos
1292 2138 1423 2175 cre-

47 2196 197 2267 ·deS,
222 2196 437 2258 videbis
459 2198 511 2254 in
537 2198 647 2257 tuis
679 2196 899 2271 castris3
931 2197 1123 2256 eadem
1151 2197 1422 2258 velocita-

49 2295 128 2337 ·te
158 2282 215 2338 &
242 2277 518 2358 sequimur
536 2320 552 2347 ,
580 2282 637 2337 ὅ(
660 2274 924 2358 fugimus·
950 2278 1263 2338 Scitharum
1289 2277 1423 2339 soli-

51 2358 285 2419 ·tudines
308 2360 520 2418 Graecis
538 2361 703 2420 etiam
724 2360 1032 2438 proverbiis
1054 2360 1221 2420 audio
1248 2359 1423 2422 eludi.

76 2437 156 2499 At
179 2460 278 2499 nos
301 2439 518 2501 deserta
545 2443 602 2500 &
627 2442 867 2500 humano
894 2442 1047 2500 cultu
1077 2462 1284 2509 vacua,
1307 2463 1420 2509 sma-

29 2578 33 2584 .
76 2520 154 2600 gis
192 2543 352 2602 quam
392 2521 554 2580 urbes
595 2525 653 2582 &
696 2524 994 2600 opulentos
1035 2543 1198 2602 agros
1240 2520 1419 2602 sequi·

0 2609 40 2681 ῑιΙ
80 2605 213 2683 mur.
244 2601 482 2662 Proinde
518 2600 797 2661 fortunam
831 2622 982 2661 tuam
1017 2604 1216 2682 pressis
1245 2607 1421 2665 mani·

0 2683 42 2740 zia.
79 2677 179 2741 bus
203 2701 349 2744 tene.
376 2683 621 2746 Lubrica
653 2682 731 2747 est
750 2728 769 2752 ‚
792 2704 895 2744 nec
919 2685 1090 2746 invita
1117 2684 1291 2745 teneri
1315 2704 1420 2765 po·

1086 2782 1217 2835 Μὶν
