1690 3067
218 82 317 143 aas
515 85 1411 158 QUINTE-CURCE,

217 195 398 244 mare,
420 174 648 235 tandem
671 175 792 236 voti
815 171 893 232 sui
919 196 1183 254 compos:
1210 174 1642 255 praesidibusqu'e

219 261 386 316 maris
408 259 467 315 &
494 257 753 318 locorum
779 255 907 317 Diis
932 254 1202 329 sacrificio
1228 255 1374 317 fatsto
1390 301 1407 328 ‚
1435 257 1504 316 ad
1525 252 1642 317 clas-

218 335 332 396 sem
359 337 545 399 rediit.

316 419 368 479 C
403 437 444 479 A
478 440 535 481 P.
579 418 657 478 X.
704 420 856 480 Hinc
902 415 1197 479 adversum
1239 417 1644 485 flumenffsubiii

222 503 453 574 classis3
490 507 549 563 δε
585 498 767 561 altero'
790 501 878 562 die
908 501 1138 581 appulsa
1172 501 1248 561 est
1284 502 1433 580 haud
1458 503 1652 583 procuiv

222 583 353 642 lacu
378 583 516 644 salso
537 627 554 654 ‚
596 586 754 662 cujus
777 585 973 663 ignota
997 599 1195 643 natura
1230 579 1531 665 plerosque
1564 584 1646 645 de-

225 667 379 747 cepit
414 685 623 726 temere
647 665 925 745 ingressos
950 686 1169 745 aquam.
1200 666 1430 746 Quippe
1451 665 1647 726 scabie}

226 769 471 827 corpora
499 748 732 816 invasit,
758 751 815 806 ὃς
842 748 1170 826 contagium
1202 749 1386 806 morbi
1417 749 1581 807 etiam
1605 751 1649 807 in

227 829 367 888 alios
395 831 689 909 vulgatum
711 826 806 887 est.
827 827 1039 887 Oleum
1062 827 1312 889 remedio
1331 827 1455 889 fuit.
1473 830 1649 905 Leon=

229 931 368 970 'nato
397 910 599 970 deinde
626 911 911 990 praemisso
927 952 943 978 ‚
965 929 1029 968 ut
1051 930 1255 990 puteos
1277 908 1498 986 foderet
1513 956 1529 981 ‚
1553 921 1650 992 qua

227 991 474 1052 terrestri
499 994 693 1053 itinere
717 991 985 1051 duciurus
1013 993 1323 1052 exercitum
1341 993 1652 1067 videbatur,

233 1076 444 1155 quippe
470 1076 616 1134 sicca
641 1093 759 1134 erat
782 1075 976 1154 regio3
1016 1074 1132 1153 ipse
1158 1095 1285 1132 cum
1310 1067 1652 1154 copiis‘subs-

230 1159 347 1217 titit
374 1199 393 1225 ,
438 1178 671 1218 vernum
705 1175 928 1234 tempus
962 1157 1305 1235 exspecians.
1332 1155 1567 1216 Interim
1605 1160 1655 1217 δὲ

233 1239 403 1299 urbes
422 1238 715 1318 plerasque
740 1236 1018 1296 condidit.
1034 1238 1300 1297 Nearcho
1322 1257 1489 1317 atque
1506 1238 1656 1298 One-

239 1322 437 1381 sicrito
463 1321 701 1379 nauticae
729 1321 807 1378 rei
845 1320 1037 1396 peritis
1069 1320 1405 1398 imperavit,
1440 1340 1502 1378 ut
1528 1319 1658 1380 vali·-

239 1402 490 1462 dissirnas
505 1405 732 1462 navium
754 1398 1099 1460 deducerent
1118 1402 1173 1459 in
1192 1400 1488 1461 Oceanum
1508 1444 1524 1470 ‚
1544 1420 1659 1480 pro-

237 1485 526 1566 gressique
552 1481 743 1564 quoad
766 1501 896 1542 tuto
921 1502 1150 1562 possent
1175 1524 1192 1551 ,
1230 1478 1482 1541 naturam
1508 1484 1662 1563 maris

238 1586 573 1627 noscerent:
596 1565 686 1625 vel
710 1563 908 1623 eodem
936 1585 1095 1623 amne
1118 1607 1133 1633 ,
1162 1564 1253 1624 vel
1272 1563 1556 1644 Euphrate
1577 1561 1663 1643 sue

241 1649 362 1708 hire
390 1669 488 1707 eos
514 1668 676 1727 posse
698 1689 716 1716 ,
755 1668 884 1705 cum
909 1648 1117 1708 reverti
1142 1646 1211 1706 ad
1236 1644 1288 1707 se
1314 1646 1543 1706 vellent.

325 1730 561 1810 Jamque
592 1729 843 1808 mitigata
881 1729 1059 1787 hieme
1086 1771 1101 1796 ‚
1144 1731 1207 1787 ὃς
1240 1729 1478 1788 navibus
1504 1771 1519 1796 ,
1547 1746 1667 1807 quae

239 1811 468 1873 inutiles
505 1809 842 1871 videbantur
866 1852 881 1877 ‚
920 1811 1213 1878 crematis,
1250 1829 1396 1869 terra
1431 1809 1668 1880 ducebat

244 1894 577 1953 exercitum.
603 1892 785 1950 Nonis
812 1889 994 1950 castris
1020 1893 1073 1950 in
1103 1896 1392 1970 regionem
1417 1890 1669 1950 Arabita-

243 1996 411 2046 rum3
446 1973 576 2032 inde
599 1972 839 2032 totidem
863 1972 1059 2032 diebus
1085 1973 1140 2031 in
1166 1973 1574 2032 Gedrosiorum
1592 1937 1690 2048 re-⁴

244 2058 474 2137 gionem
499 2074 833 2136 perventum
859 2052 953 2113 est.
977 2053 1149 2113 Liber
1175 2055 1263 2114 hic
1285 2053 1527 2135 populus
1546 2049 1690 2119 con-2

245 2139 381 2199 cilio
405 2138 601 2197 habito
627 2135 846 2197 dedidit
870 2135 922 2195 se
945 2159 964 2210 3
1000 2157 1103 2196 nec
1143 2137 1451 2217 quidquam
1477 2134 1670 2195 deditis

247 2240 454 2300 praeter
479 2237 823 2278 commeatus
847 2217 1178 2298 imperatum
1200 2218 1293 2278 est.
1311 2219 1529 2290 Quinto
1547 2217 1668 2278 hine

248 2302 341 2363 die
368 2302 522 2363 venit
549 2299 619 2359 ad
645 2299 855 2360 flumen
889 2343 906 2368 ,
950 2299 1208 2360 Arabum
1241 2298 1443 2359 incolae
1480 2297 1666 2379 appel-

249 2382 388 2442 lant.
411 2382 594 2461 Regio
621 2381 840 2441 deserta
863 2384 921 2440 &
949 2402 1217 2461 aquarum
1240 2388 1401 2459 inops
1426 2381 1628 2460 excipit
1651 2397 1666 2436 τ

252 2487 421 2546 quam
447 2484 699 2523 emensus
722 2464 776 2520 in
800 2462 1033 2523 Horitas
1056 2465 1272 2523 transit.
1298 2463 1390 2522 Ibi
1412 2465 1666 2540 majorem

254 2547 533 2607 exercitus
563 2565 776 2624 partem
798 2542 1182 2623 Hephaestioni
1205 2545 1470 2617 tradidit3
1493 2545 1668 2603 levem

256 2649 590 2687 armaturam
617 2649 744 2685 curn
771 2626 1078 2684 Ptolemaeo
1103 2626 1514 2705 Leonnatoque
1550 2643 1672 2702 par-

253 2710 392 2773 titus
420 2706 516 2771 est.
549 2707 687 2769 Tria
712 2707 873 2769 simul
898 2713 1116 2791 agmina
1140 2706 1553 2791 populabantur
1582 2701 1672 2774 In?
