1690 3067
223 82 482 143 LI‘VRE
526 93 592 139 X.
633 92 1091 141 CHAPITRE
1127 91 1296 142 VIII.
1407 86 1505 158 567

85 171 176 233 'die
201 175 426 255 indigna
453 197 538 234 res
565 174 974 234 Macedonibus
999 175 1297 235 videbatur
1316 220 1331 246 ,
1368 177 1506 235 Per-

91 256 287 315 diccan
305 257 374 316 ad
397 258 590 316 mortis
613 257 920 338 periculum
945 256 1281 331 addu&um3
1300 262 1358 317 ὅ(
1381 258 1507 317 Me-

91 336 267 418 leagri
307 343 674 398 temeritatem
709 340 870 398 armis
904 336 1085 395 ultum
1120 340 1197 397 ire
1235 339 1506 399 decreve-

90 438 234 477 rant.
259 418 456 498 Atque
481 419 571 480 ille
595 418 860 478 seditione
886 423 1143 497 provisa,
1169 441 1296 478 cum
1314 442 1505 500 regem

90 499 294 560 adisset
310 544 325 569 ‚
351 506 696 580 interrogare
717 522 841 559 eum
871 504 1045 578 coepit
1066 541 1084 568 ‚
1114 521 1184 556 an
1209 499 1506 557 Perdicca-n

90 579 442 660 comprehendi
463 584 564 662 ipse
583 584 815 649 jussisset.
842 579 950 639 Ille
973 583 1250 660 Meleagri
1268 580 1504 655 instincfiu

80 661 136 734 s
151 665 352 733 jussisse
377 661 690 741 respondit.
717 668 955 719 Ceterum
980 683 1081 716 non
1104 658 1274 718 debere
1297 665 1503 718 tumul-

89 745 236 797 tuari
259 764 333 799 eos
353 766 374 808 3
414 741 708 799 Perdiccan
749 746 882 799 enim
917 744 1112 802 vivere.
1147 741 1332 823 Igitur
1370 746 1503 802 con-

87 824 248 881 cione
274 824 492 884 dimissa
531 823 819 905 Meleager
854 825 1105 904 equitum
1136 825 1372 884 maxime
1409 825 1505 884 de-

83 902 323 963 feffione
358 907 682 984 perterritus
702 950 718 976 ,
744 909 1017 984 inopsque
1048 905 1262 965 consilii
1289 909 1311 979 (
1335 907 1504 986 quip-

82 1006 156 1065 pe
179 987 233 1044 in
257 988 435 1065 ipsum
461 987 768 1066 periculum
799 986 1106 1055 reciderat,
1135 986 1290 1066 quod
1313 989 1502 1046 inimi-

81 1088 154 1126 co
187 1067 355 1147 paulo
387 1088 514 1127 ante
551 1068 908 1142 intenderat)
939 1067 1188 1125 triduum
1211 1066 1326 1129 fere
1363 1090 1503 1140 con-3

81 1146 270 1207 sumsit
292 1153 504 1208 incerta
528 1151 759 1209 consilia
792 1147 1098 1208 volvendo,

171 1230 247 1288 Et
272 1228 492 1309 pristina
518 1230 743 1309 quidem
775 1230 940 1308 regiae
971 1227 1179 1308 species
1207 1227 1462 1287 manebat
1480 1251 1506 1303 3

84 1331 210 1369 nam
236 1315 292 1370 ὅς
326 1311 497 1390 legati
519 1313 769 1390 gent-ium
799 1332 986 1390 regem
1012 1309 1278 1369 adibant:
1314 1313 1370 1368 ὅ(
1408 1332 1503 1369 co-

44 1439 49 1441 -
82 1399 296 1472 piarum
334 1392 507 1451 duces
539 1391 804 1452 aderant:
847 1396 906 1451 &
941 1389 1273 1452 vestibulum
1296 1388 1506 1449 satelli-

82 1494 166 1532 tes
201 1475 506 1552 armatique
553 1472 991 1551 compleverant.
1031 1472 1142 1532 Sed
1180 1472 1374 1549 ingens
1409 1471 1502 1533 sua

81 1553 278 1634 sponte
326 1552 581 1614 moestitia
621 1554 829 1612 ultimae
882 1553 1286 1632 desperationis
1330 1553 1501 1612 index

84 1655 201 1695 erat
225 1656 237 1694 :
274 1635 620 1715 suspectique
645 1637 882 1695 invicem
909 1655 1022 1693 non
1047 1634 1196 1694 adire
1227 1636 1458 1713 propius
1482 1678 1500 1705 ,

78 1738 192 1776 non
218 1717 470 1797 colloqui
502 1717 784 1776 audebant
804 1760 818 1785 ,
857 1716 1091 1775 secretas
1127 1718 1500 1795 cogitationes

77 1800 220 1857 intra
246 1797 298 1856 se
325 1820 551 1878 quoque
580 1798 872 1858 volventes
897 1841 913 1867 ‚
947 1800 1004 1856 &
1029 1819 1097 1857 ex
1127 1802 1500 1877 comparatio-

78 1901 148 1938 ne
174 1881 317 1959 regis
342 1882 475 1939 novi
500 1922 516 1947 ,
555 1878 888 1938 desiderium
924 1878 1272 1939 excitabatur
1296 1872 1499 1939 amlissi.

81 1959 193 2016 Ubi
222 1963 308 2016 ille
341 1979 493 2031 esset,
520 1965 661 2032 cujus
687 1962 962 2040 imperium
982 2002 1000 2028 ,
1042 1964 1186 2030 cujus
1207 1962 1498 2040 auspicium

71 2041 236 2116 secuti
256 2059 399 2096 erunt
420 2084 433 2107 ‚
470 2041 848 2121 requirebant.
881 2038 1158 2113 Destitutos
1174 2041 1228 2114 se
1250 2042 1384 2096 iuter
1405 2043 1498 2110 iii-f

69 2121 230 2198 festas·
260 2120 638 2199 indomitasque
666 2140 839 2200 gentes
868 2165 886 2185 ,
929 2123 1230 2201 expetituras
1268 2138 1339 2175 tot
1381 2123 1497 2177 clu-

80 2201 228 2257 dium
254 2201 479 2276 suarum
510 2221 683 2282 poenus
711 2246 722 2264 ,
754 2200 1182 2279 quandocumque
1208 2199 1379 2257 obluta
1419 2203 1496 2278 esss

73 2283 146 2356 fiet
186 2286 391 2339 occasio.
426 2284 532 2342 His
568 2283 1007 2362 cogitationibus
1041 2283 1252 2342 animos
1286 2282 1494 2342 exede-

82 2364 215 2423 bant
239 2407 254 2433 ‚
286 2387 414 2423 cum
447 2368 802 2425 annuntiatur
825 2408 841 2433 ,
878 2366 1062 2443 equites
1084 2410 1100 2432 ,
1136 2362 1339 2440 quisub
1358 2371 1494 2420 Per·

84 2443 234 2500 dicca
261 2461 412 2500 essent
433 2488 450 2515 ‚
487 2467 604 2500 occu
642 2448 739 2499 atis
764 2448 898 2501 circa
921 2442 1231 2524 ssabylonem
1261 2447 1453 2525 campis
1470 2491 1490 2516 ‚

70 2528 400 2600 frumentum
425 2568 441 2594 ,
481 2464 638 2603 quoii7
652 2527 705 2579 in
743 2524 920 2580 urbem
946 2522 1286 2580 invehebatur
1312 2567 1341 2592 ,Ἴ
1368 2530 1489 2581 reti-

83 2608 267 2666 misse.
306 2604 506 2686 Itaque
538 2608 722 2684 inopia
756 2607 995 2685 primum
1017 2648 1034 2674 ‚
1085 2604 1285 2664 deinde
1317 2603 1490 2667 fames

85 2706 197 2747 esse
223 2688 394 2766 coepit
410 2708 431 2760 5
468 2691 523 2748 &
554 2693 649 2769 qui
683 2693 736 2748 in
775 2688 910 2748 urbe
936 2706 1128 2758 erant,
1166 2706 1258 2746 aut
1293 2708 1491 2747 recon-
