1690 3067
222 88 479 147 LJVRE
518 86 612 146 VI.
655 87 1112 143 CHAPITRE
1151 84 1194 141 12
1342 96 1431 154 τος

13 192 122 260 que
158 202 301 240 arma
327 175 717 240 circumferens
741 221 757 248 ,
791 179 890 237 alia
924 179 1038 237 tela
1063 179 1264 258 clypeo
1291 176 1436 234 exeis

14 262 201 341 piebat
221 305 237 331 ,
272 276 510 341 corpore
545 260 647 318 alia
675 260 924 319 vitabat:
968 257 1149 317 donec
1183 256 1327 316 hasta
1354 255 1436 315 fe⁹⁵

15 365 170 403 mora
208 341 454 424 perfossa
490 340 731 421 plurimo
758 339 1020 420 sanguine
1058 338 1234 397 effuso
1273 337 1436 396 desti-

15 443 170 482 tuere
194 439 553 503 pugnantem.
592 422 748 500 Ergo
774 420 977 502 clypeo
1000 419 1098 479 suo
1131 440 1435 496 exceptum

14 506 269 583 armigeri
292 505 488 583 raptim
520 507 577 562 in
603 502 774 562 castra
797 501 1111 560 referebant
1129 544 1145 569 ,
1184 501 1438 579 ja6tatio·

13 604 139 643 nem
180 585 472 645 vulnerum
519 583 668 643 haud
703 582 862 642 facile
905 583 1257 642 tolerantem.
1294 581 1434 638 Non

14 680 197 727 tamen
228 662 471 725 ¹omisere
503 663 919 724 Lacedaemonii
952 685 1240 744 pugnam3
1279 665 1339 720 &
1373 679 1436 719 ut

15 748 251 825 primum
291 747 393 806 sibi
424 768 586 827 quarn
617 744 758 804 hosti
792 740 1093 826 aequiorem
1123 744 1313 803 locum
1350 764 1436 800 ca-

13 847 144 906 pere
209 847 513 906 potuerunt
548 850 566 900 3
626 827 865 886 densatis
926 825 1213 888 ordinibus
1262 822 1436 882 effuse

15 905 282 967 fluentem
309 910 361 965 in
393 906 446 967 se
481 910 653 968 aciem
685 925 974 987 excepere.
999 908 1133 965 Non
1161 904 1310 963 aliud
1336 902 1439 962 dis-

17 992 225 1048 crimen
258 989 632 1048 vehementius
655 987 818 1047 fuisse
844 989 1122 1046 memoriae
1149 985 1436 1065 proditum

17 1066 113 1128 est.
174 1068 430 1128 Duarum
481 1068 944 1129 nobilissimarum
989 1067 1141 1127 bello
1187 1067 1437 1146 gentium

17 1150 293 1209 exercitus
329 1153 447 1229 pari
481 1148 667 1209 Marte
693 1150 1037 1230 pugnabant.
1071 1145 1441 1207 Lacedaerno-

16 1231 93 1290 nii
127 1249 313 1289 vetera
332 1249 354 1300 3
399 1229 743 1289 Macedones
782 1230 1070 1309 praesentia
1109 1229 1313 1288 decora
1350 1229 1439 1285 in·-

17 1310 316 1369 tuebantur
342 1333 354 1369 ε
392 1311 473 1368 illi
500 1333 603 1390 pro
628 1311 886 1370 libertate
912 1354 926 1379 ‚
965 1312 1020 1368 hi
1058 1331 1161 1389 pro
1187 1309 1440 1368 domina·

16 1393 168 1450 tione
202 1392 546 1471 pugnabant.
572 1391 1014 1451 Lacedaemoniis
1050 1392 1164 1451 dux
1191 1434 1207 1460 ‚
1247 1391 1440 1449 Mace-2

18 1470 259 1532 donibus
293 1472 450 1531 locus
482 1472 692 1532 deerat.
720 1472 853 1531 Diei
889 1495 1115 1552 quoque
1142 1473 1302 1530 unius
1323 1491 1438 1530 tarn

17 1552 310 1632 multiplex
351 1575 507 1613 casus
550 1553 722 1613 modo
762 1552 914 1633 spem
947 1595 963 1621 ,
1006 1553 1179 1612 modo
1225 1572 1437 1610 metum

16 1636 303 1712 utriusque
337 1636 503 1713 partis
538 1636 778 1714 augebat
818 1657 831 1692 :
872 1633 1028 1695 velut
1065 1634 1134 1693 de
1175 1630 1440 1693 industria

15 1715 158 1774 inter
193 1713 523 1774 fortissimos
553 1717 701 1775 viros
731 1735 1011 1774 certamen
1037 1734 1291 1794 aequante
1324 1713 1446 1783 for-¹

16 1815 170 1855 tuna.
204 1795 473 1855 Ceterum
507 1796 767 1875 angustiae
792 1795 905 1854 loci
928 1839 944 1864 ‚
985 1799 1040 1853 in
1067 1819 1180 1876 quo
1204 1798 1438 1854 haeserat

17 1897 203 1956 pugna
226 1919 240 1944 ,
278 1896 388 1935 non
425 1878 780 1955 patiebantur
817 1879 950 1935 totis
988 1875 1263 1957 congredi
1307 1880 1445 1936 viri-³

18 1958 143 2017 bus,
187 1957 521 2035 Spectabant
561 1980 697 2036 ergo
736 1957 966 2037 plureS‚
1007 1980 1172 2037 quam
1205 1959 1442 2016 inierant

12 2037 267 2116 &praelium
294 2081 309 2104 ‚
346 2041 402 2096 &
428 2039 522 2116 qui
562 2059 716 2098 extra
747 2038 844 2098 teli
868 2041 1072 2117 jactum*
1107 2057 1261 2097 erant
1286 2081 1301 2105 ,
1329 2039 1439 2097 cla-

17 2134 170 2178 more
202 2120 440 2177 invicem
463 2118 588 2178 suos
610 2119 1010 2179 accendebant.
1050 2117 1310 2177 Tandem
1335 2117 1441 2177 La-

20 2210 223 2258 conum
261 2198 781 2279 aciesianguescere
798 2242 814 2267 ,
839 2200 1051 2259 lubrica
1076 2221 1223 2258 arma
1242 2198 1444 2260 sudore

20 2286 116 2339 vix
141 2278 440 2352 sustinen83
475 2282 674 2358 pedem
699 2281 900 2342 deinde
927 2279 1128 2341 referre
1159 2285 1333 2359 coepit
1354 2302 1443 2338 ur-

21 2378 185 2438 gente
212 2359 363 2419 hoste
382 2402 399 2427 ,
426 2382 489 2419 ac
522 2363 762 2439 apertius
788 2361 1001 2442 fugere.
1028 2361 1440 2441 Insequebatut

22 2441 312 2517 dissipatos
337 2442 546 2509 vietor,
569 2445 627 2501 δε
660 2464 911 2502 emensus
939 2465 1103 2502 cursu
1134 2464 1297 2502 omne
1319 2441 1440 2521 spa-

21 2523 158 2580 tium
180 2563 194 2586 ,
223 2520 373 2598 quod
401 2523 541 2581 acies
564 2522 855 2583 Laconum
883 2525 1197 2583 obtinuerat
1217 2567 1234 2592 ‚
1258 2525 1439 2602 ipsum

21 2601 196 2679 Agim
222 2603 673 2680 persequebatur.
704 2603 809 2664 Ille
830 2649 846 2673 ‚
875 2625 937 2663 ut
968 2604 1156 2686 fugam
1180 2603 1400 2662 suorum
1420 2645 1440 2671 ,

25 2686 83 2745 &
114 2681 396 2763 proximos
431 2682 662 2747 hostium
689 2687 1014 2767 conspexit,
1041 2687 1223 2767 deponi
1244 2685 1298 2760 se
1333 2682 1442 2766 just

1160 2784 1199 2836 E
1217 2783 1268 2837 iv
