1690 3067
163 75 423 133 L'IVRE
463 71 598 133 VII.
639 71 1232 157 CHAPJTREVL
1327 85 1426 142 247

16 162 137 247 pius
159 167 322 244 jussit
355 164 621 224 accedere
648 184 666 234 3
690 165 945 243 tradique
979 165 1212 224 Bessum
1244 164 1328 234 ei,
1359 180 1425 222 ut

16 249 166 306 cruci
199 245 424 322 affixum
446 246 709 304 mutilatis
732 247 954 303 auribus
991 245 1323 326 naribusque
1342 244 1425 303 sa-

11 330 164 408 gittis
183 326 532 406 configerent
555 328 772 386 barbari
784 349 803 398 3
826 346 1278 405 asservarentque
1299 343 1425 385 cor-

14 430 152 488 puS,
193 428 253 466 ut
290 430 357 466 ne
395 430 521 467 aves
562 408 785 488 quidem
825 408 1218 486 contingerent
1259 409 1426 465 Oxa-

13 490 161 550 thres
180 510 363 548 cetera
390 489 491 547 sibi
512 511 658 548 curae
678 487 796 547 fore
819 488 1138 567 pollicetur.
1158 489 1302 542 Aves
1324 508 1427 542 non

16 570 82 628 ab
113 574 214 626 alio
236 614 253 640 ,
291 592 449 648 qnam
474 592 506 626 a
535 578 720 629 Catene
744 587 884 649 posse
909 567 1166 649 prohiberi
1194 567 1426 646 adjicit3

16 652 268 712 eximiam
294 654 410 731 ejus
440 672 611 710 artem
649 653 876 731 cupiens
911 647 1219 710 ostendere.
1248 650 1426 708 Nam—

18 755 124 814 que
172 733 312 793 adeo
369 753 527 791 certo
575 734 686 793 ictu
730 730 996 792 destinata
1042 729 1274 789 feriebat
1297 772 1314 799 ,
1360 749 1425 789 ut

17 833 143 873 aves
177 835 402 894 quoque
435 816 733 892 exciperet.
767 809 915 872 Nam
940 814 1042 871 etsi
1075 809 1308 870 forsitan
1346 810 1427 869 sa-

16 895 255 975 gittandi
280 916 391 954 tam
426 895 630 953 celebri
654 916 755 954 usu
780 896 956 952 minus
982 891 1316 952 admirabilis
1339 895 1428 952 vi-

19 977 137 1034 deri
161 976 279 1034 haec
316 997 398 1034 ars
434 978 643 1054 possit3
674 996 858 1035 tamen
897 976 1091 1054 ingens
1119 974 1427 1033 visentibus

18 1056 345 1116 miraculum
387 1100 400 1122 ‚
448 1078 762 1137 magnoque
812 1057 1014 1114 honori
1057 1054 1260 1114 Cateni
1300 1053 1428 1113 fuit.

19 1138 187 1196 Dona
222 1136 420 1196 deinde
449 1138 705 1197 omnibus
727 1181 742 1205 ‚
777 1139 871 1216 qui
905 1137 1138 1194 Bessum
1173 1134 1426 1194 adduxe-

14 1237 139 1278 rant
160 1262 175 1287 ‚
206 1217 331 1276 data
360 1218 502 1275 sunt.
535 1219 802 1277 Ceterum
829 1217 1152 1296 supplicium
1184 1218 1301 1294 ejus
1322 1215 1430 1276 dis-

18 1300 144 1359 tuli-t
163 1343 178 1368 ,
217 1320 278 1357 ut
304 1321 370 1357 eo
397 1301 557 1368 loco,
580 1302 631 1357 in
662 1321 776 1379 quo
803 1298 1038 1357 Darium
1060 1299 1174 1377 ipse
1202 1297 1432 1371 occide—1

17 1401 133 1448 rat,
175 1400 503 1438 necaretur.-

98 1462 278 1520 CAP.
317 1459 437 1520 VI.
478 1459 698 1519 Interea
749 1457 1089 1520 Macedones
1126 1457 1198 1519 ad
1237 1477 1427 1538 peteri·⁶

17 1536 149 1599 dum
173 1540 437 1620 pabulum
462 1544 841 1619 incomposito
865 1547 1082 1620 agmine
1108 1542 1312 1621 egressi
1337 1583 1354 1610 ,
1395 1563 1450 1620 a.

18 1622 262 1683 barbaris
284 1665 300 1690 ,
330 1624 424 1701 qui
449 1622 517 1680 de
551 1624 817 1700 proximis
850 1623 1134 1681 montibus
1168 1621 1429 1681 decurre-

19 1723 147 1762 runt
178 1745 196 1772 ,
249 1705 689 1781 opprimuntur3
732 1705 1028 1783 pluresque
1073 1705 1221 1782 capti
1260 1701 1431 1772 sunt,

21 1804 182 1863 quam
217 1786 406 1842 occisi.
445 1783 678 1842 Barbari
719 1805 902 1843 autem
942 1787 1194 1864 captivos
1228 1804 1340 1863 prae
1375 1782 1432 1842 se

23 1884 278 1942 agentes,
322 1885 506 1923 rursus
548 1867 604 1922 in
648 1885 896 1924 montem
941 1885 1304 1924 recesserunt.
1338 1885 1432 1924 xx

25 1947 182 2006 millia
205 1947 484 2005 latronum
509 1965 681 2004 erant.
706 1946 918 2005 Fundis
943 1946 1262 2025 sagittisque
1283 1967 1432 2024 pug-

27 2046 143 2085 nam
168 2027 459 2087 invadunt.
498 2027 659 2097 Quos
691 2027 823 2085 dum
860 2026 1081 2085 obsidet
1106 2049 1202 2085 rex
1228 2069 1244 2093 ,
1282 2028 1431 2083 inter

29 2109 418 2185 promtissimos
449 2106 712 2166 dimicans
746 2107 942 2187 sagitta
973 2108 1111 2165 icius
1149 2104 1225 2165 est
1245 2149 1261 2174 ,
1302 2127 1430 2185 quas

39 2211 71 2245 n
97 2188 281 2247 medio
308 2209 466 2246 crure
487 2186 595 2246 fixa
622 2188 917 2268 reliquerat
942 2186 1231 2267 spiculum.
1254 2186 1427 2245 Illum

33 2269 242 2348 quidem
268 2267 443 2327 moesti
476 2273 533 2328 &
564 2272 786 2327 attoniti
809 2269 1153 2328 Macedones
1177 2270 1230 2325 in
1257 2266 1430 2326 castra

35 2348 364 2409 'eferebant:
399 2348 493 2409 sed
524 2371 626 2408 nec
661 2349 924 2409 barbaros
953 2348 1149 2409 fefellit
1180 2348 1429 2408 subduc-—

38 2452 107 2487 us
135 2452 201 2489 ex
226 2436 340 2490 acie
363 2453 498 2503 rex3
524 2432 730 2511 quippe
764 2454 833 2490 ex
864 2430 1016 2490 edito
1042 2450 1231 2489 monte
1256 2451 1430 2489 cunc·-

47 2533 72 2568 a
99 2531 512 2588 prospexerant.
535 2513 736 2592 Itaque
768 2511 988 2589 postero
1015 2511 1104 2570 die
1131 2511 1328 2570 misere
1352 2512 1428 2569 le-

42 2610 179 2666 gatos
206 2590 272 2647 ad
302 2613 485 2669 regem
514 2635 529 2659 ,
571 2615 711 2693 quos
746 2594 835 2651 ille
864 2596 1118 2671 protinus
1144 2593 1301 2671 jussit
1326 2590 1429 2648 ad-

44 2672 164 2731 nitti
182 2691 202 2743 5
238 2669 537 2752 solutisque
570 2676 750 2734 rasciis
775 2675 1212 2755 magnitudinem
1236 2671 1426 2732 vulne-

29 2768 30 2771 ’
1152 2770 1188 2818 L
1209 2771 1257 2820 iv

7 2817 15 2847 1
31 2841 33 2843 ,

9 2973 27 3067 l
