1690 3067
220 103 321 155 424
509 92 1414 164 ’ρῘῘῘΝΤΕ-ΕΠΗΕἘ,

216 206 250 230 2>
281 178 571 261 multoque
607 181 882 244 difficilius
908 186 1212 265 mitigetur.
1240 184 1424 264 Atqui
1449 182 1637 243 eadem

215 287 251 311 ε»
280 268 491 322 vanitas
516 265 703 343 copias
725 265 976 345 peditum
999 273 1363 347 equitumque
1391 271 1639 324 numefa-

214 366 250 392 ³0
278 345 378 402 vit.
403 345 553 403 Nam
572 345 780 406 flumen
804 391 821 417 ‚
859 370 974 428 quo
1008 348 1170 408 latius
1189 346 1371 406 fusum
1397 345 1501 415 est,
1528 347 1635 406 hoc

216 449 252 474 :o
278 423 550 503 placidius
574 425 821 508 stagnat3
844 431 1051 510 quippe
1078 429 1317 509 angustis
1334 430 1466 508 ripis
1485 448 1637 487 coer-

214 530 248 556 υ
277 507 418 575 cita,
449 510 508 567 δε
532 513 588 568 in
619 509 987 589 angustiorem
1016 512 1238 572 alveum
1260 510 1391 570 elisa
1415 529 1634 569 torren-

123 656 130 664 .
213 611 249 638 σο
277 607 361 646 tes
387 611 556 669 aquas
578 594 849 652 invehunt
873 614 885 650 :
924 613 1118 652 contra
1143 591 1319 672 spatio
1345 591 1488 652 alvei
1513 589 1636 671 seg-

213 695 249 719 :o
277 671 397 728 nior
437 692 628 730 cursus
664 672 759 732 est.
797 675 1070 733 Praeterea
1099 676 1154 732 in
1189 675 1307 753 ripa
1346 695 1508 732 omne
1538 694 1637 752 pe-

212 776 247 801 20
276 752 512 810 riculum
539 751 650 824 est,
689 756 786 814 ubi
827 756 1169 835 applicantes
1211 756 1430 835 navigia
1474 751 1637 813 hostis

213 857 248 883 υ
276 835 683 913 exspeCiat.Ita
709 856 1223 917 quantumcumque
1241 836 1444 895 flumen
1471 838 1638 906 inter-f

212 938 249 964 υ
278 917 430 974 venit
452 958 467 983 ,
502 916 647 976 idem
674 919 921 978 futurum
949 919 1244 980 discrimen
1281 917 1358 977 est
1394 919 1637 980 evaden-

216 1021 250 1046 ευ
279 1000 420 1056 tium
444 998 498 1055 in
522 1018 745 1059 terram.
778 1000 891 1060 Sed
923 1006 1106 1061 omnia
1131 999 1225 1061 ista
1245 1022 1375 1061 vera
1402 1021 1518 1060 esse
1539 998 1637 1058 fin-

212 1102 249 1127 a>
275 1100 490 1156 gamus,
514 1081 796 1141 Utrumne
820 1104 925 1143 vos
952 1082 1281 1162 magnitudo
1306 1081 1635 1152 belluarum,

211 1184 247 1209 ευ
277 1181 341 1218 an
368 1161 670 1220 multitudo
697 1163 931 1222 hostiurn
954 1162 1172 1223 terret?
1199 1163 1377 1238 Quod
1400 1164 1638 1244 pertinet

214 1267 248 1291 ευ
278 1240 345 1298 ad
373 1241 717 1322 elephantOS,
742 1266 978 1323 praesens
1000 1247 1267 1305 habemus
1287 1245 1633 1324 exemplum:

214 1348 249 1373 ω
277 1323 330 1379 in
357 1321 480 1383 suos
514 1325 898 1386 vehementius
919 1370 935 1396 ,
974 1349 1140 1406 quam
1170 1329 1223 1385 in
1251 1348 1351 1386 nos
1384 1333 1634 1387 incurre-

214 1430 251 1455 ω
279 1424 457 1475 runt3
505 1426 617 1466 tam
660 1406 806 1468 vasta
854 1429 1092 1487 corpora
1133 1406 1416 1468 securibus
1465 1407 1634 1468 falce·

214 1511 250 1537 ευ
280 1508 388 1564 que
423 1489 673 1548 mutilata
704 1488 846 1549 sunt.
878 1490 1036 1563 Quid
1073 1511 1259 1550 autem
1289 1488 1510 1549 interest
1544 1510 1634 1549 to·
1679 1529 1690 1564 ·.

214 1593 248 1618 :n
279 1567 450 1628 tidem
483 1571 590 1630 sint
611 1615 627 1640 ‚
666 1591 807 1652 quot
837 1573 1012 1631 Porus
1037 1572 1233 1632 habuit
1254 1615 1271 1641 ‚
1309 1594 1377 1630 an
1403 1573 1504 1630 tria
1525 1570 1645 1631 mih
1677 1574 1690 1634 ἔ

213 1675 247 1700 1>
273 1648 390 1708 lia?
427 1673 553 1710 cum
593 1674 706 1711 uno
745 1674 841 1713 aut
873 1655 1049 1713 aitero
1081 1653 1383 1714 vulneratis
1422 1673 1634 1713 ceteros
1678 1647 1690 1709 ὅ

213 1757 248 1781 ³0
277 1732 328 1788 in
360 1731 548 1812 fugam
583 1734 859 1795 declinare
892 1735 1196 1795 videamus.
1236 1734 1459 1794 Deinde
1495 1756 1632 1815 pau·-

212 1838 247 1863 σο
272 1835 370 1871 cos
395 1836 623 1894 quoque
655 1818 1011 1878 incommode
1044 1838 1248 1897 regunt
1275 1838 1287 1875 ε
1325 1838 1634 1897 congrega-
1680 1823 1690 1894 ξ

212 1920 246 1974 3>
270 1915 323 1954 ta
350 1917 485 1954 vero
522 1916 609 1956 tot
644 1899 809 1957 millia
841 1902 956 1979 ipsa
997 1897 1047 1957 se
1085 1898 1303 1960 elidunt
1333 1941 1348 1966 ,
1393 1900 1489 1957 ubi
1531 1917 1629 1957 nec
1679 1918 1690 1955 't

210 2002 244 2026 ω
271 1975 407 2035 stare
432 2021 449 2046 ,
491 1999 595 2038 nec
632 1978 824 2060 fugere
849 1983 1136 2059 potuerint
1160 1980 1428 2040 inhabiles
1451 1977 1630 2041 vasto-

210 2083 245 2108 ιο
272 2079 395 2116 rum
429 2081 730 2139 corporum
764 2064 957 2121 moles,
995 2062 1275 2141 Equidem
1317 2063 1392 2120 sic
1428 2063 1627 2121 anima·
1681 2099 1688 2113 ·

208 2164 243 2189 ar>
270 2138 338 2198 lia
361 2139 455 2200 ista
487 2144 758 2202 contemsi
777 2187 793 2212 ,
823 2164 883 2204 ut
907 2166 1032 2203 cum
1057 2144 1316 2203 haberem
1338 2187 1353 2211 ,
1383 2145 1498 2223 ipse
1520 2162 1625 2201 non

206 2246 241 2271 ω
270 2225 670 2299 opposuerim3
706 2225 830 2284 satis
871 2247 1071 2305 gnarus
1109 2227 1235 2306 plus
1272 2223 1377 2284 suis
1407 2268 1423 2295 ‚
1466 2244 1622 2307 quam

204 2326 239 2351 α»
264 2302 513 2362 hostibus
538 2306 768 2383 periculi
804 2308 1024 2367 inferre.
1468 2344 1470 2346 ·

285 2411 319 2433 α)
347 2384 433 2442 At
469 2387 613 2444 enim
649 2389 900 2467 equitum
934 2387 1301 2468 peditumque
1329 2381 1622 2446 multitudo

210 2490 246 2516 ευ
270 2485 373 2524 vos
413 2470 775 2528 commovet!
819 2491 943 2528 cum
982 2472 1172 2549 paucis
1207 2472 1354 2528 enim
1386 2484 1622 2548 pugnare

190 2565 239 2596 ’σο
267 2543 412 2606 soliti
441 2547 560 2607 estis
581 2593 596 2618 ,
634 2554 691 2609 &
719 2572 864 2610 nunc
892 2553 1129 2630 primum
1156 2550 1497 2611 inconditam
1518 2542 1620 2604 sus·-

204 2653 240 2678 :n
270 2630 518 2689 timebitis
553 2634 793 2691 turbam.
831 2631 1010 2691 Testis
1034 2631 1296 2692 adversus
1326 2625 1623 2689 multitudi-

201 2731 389 2772 aonem
432 2713 621 2774 inviffi
662 2713 1045 2775 Macedonum
1095 2714 1317 2774 roboris
1364 2713 1627 2771 Granicus
