1690 3067
218 70 481 126 LIVRE
515 70 619 122 IX.»
650 68 1106 122 CHAPITRE
1148 68 1313 125 VIII.
1408 79 1504 137 475

81 177 313 241 tumque
337 162 393 219 in
419 159 725 218 exercitum
744 156 967 217 suorum
987 157 1224 218 intulere
1244 161 1470 218 terroris
1487 198 1506 227 2

78 262 142 301 ut
166 243 383 322 legatos
415 242 700 300 mitterent
733 259 958 319 gentem
985 239 1295 299 dedituros·
1322 242 1427 298 His
1450 241 1508 297 in

76 322 248 383 fidem
282 324 526 404 acceptis
547 365 564 390 ‚
597 322 668 381 ad
691 322 820 381 alias
847 320 1048 380 deinde
1077 342 1272 400 gentes
1304 341 1514 402 quarto-

78 406 168 467 die
193 411 466 485 pervenit.
492 403 688 465 Nihilo
714 403 838 484 plus
862 404 1028 461 animi
1052 403 1135 461 his
1158 402 1262 462 fuit
1283 446 1300 473 ,
1336 425 1505 484 quam

76 489 276 547 ceteris
299 485 712 566 fuerat.Itaque
735 484 948 566 oppido
966 486 1045 544 ibi
1064 484 1298 544 condito
1313 528 1329 554 ,
1348 483 1507 566 quod

77 568 480 630 Alexandriam
506 568 772 649 appellari
794 571 1026 646 jusserat
1043 610 1060 637 ,
1099 565 1239 626 fines
1271 588 1467 626 eorum
1486 606 1504 636 ‚

76 656 176 732 qui
197 651 474 710 Musicani
499 649 878 731 appellantur,
901 650 1147 708 intravit.
1168 649 1281 707 Hic
1305 647 1373 707 de
1393 648 1508 706 Te-

75 732 240 793 riolte
276 731 488 812 satrape
510 774 526 801 ‚
567 754 733 812 quem
762 731 1200 811 Paropamisadis
1237 728 1507 810 praefece-

76 834 201 884 rat,
237 814 434 874 iisdem
474 814 836 894 arguentibus
874 815 1181 892 cognovit:
1216 814 1503 889 multaque

72 918 239 959 avare
285 918 348 955 ac
391 895 628 975 superbe
665 893 857 954 fecisse
904 897 1223 954 convit‘ium
1262 893 1506 954 interfici

74 981 250 1057 jussit.
270 978 555 1037 Oxathres
574 996 782 1057 praetor
799 977 1220 1037 Bat‘irianorurn
1236 1019 1253 1046 ‚
1278 996 1393 1035 non
1414 976 1507 1035 ab·-

74 1060 286 1120 solutus
320 1060 494 1119 modo
517 1103 534 1130 ‚
567 1059 662 1119 sed
685 1061 994 1141 etiarnjure
1027 1059 1308 1139 amplioris
1329 1064 1506 1138 impe-³.

72 1144 138 1201 rii
161 1142 400 1202 donatus
425 1139 522 1201 est.

160 1223 392 1282 Finibus
429 1222 733 1283 Musicanis
768 1220 972 1281 deinde
1013 1221 1066 1280 in
1108 1220 1377 1281 ditionem
1415 1243 1503 1280 re-

73 1304 279 1377 dacliS,
314 1306 437 1364 urbi
470 1327 664 1364 eorum
690 1303 1007 1382 praesidium
1038 1306 1321 1382 imposuit.
1355 1301 1500 1362 Inde

70 1386 304 1448 Praestos
325 1392 382 1447 &
404 1389 582 1467 ipsam
596 1386 774 1446 Indiae
798 1405 1024 1466 gentem
1048 1407 1380 1466 perventum
1402 1384 1501 1446 est.

71 1469 385 1552 Oxycanus
421 1489 519 1529 rex
550 1489 703 1538 erat,
737 1469 834 1549 qui
862 1466 915 1528 se
943 1472 1171 1528 munitae
1206 1469 1333 1528 urbi
1369 1489 1499 1526 cum

67 1574 268 1633 magna
287 1575 451 1612 manu
472 1552 824 1632 popularium
842 1548 1163 1610 incluserat.
1178 1551 1347 1609 Hanc
1364 1549 1502 1618 Ale-

66 1633 276 1694 xander
300 1635 468 1694 tertio
495 1634 583 1693 die
608 1655 772 1714 quam
800 1653 1048 1712 coeperat
1073 1630 1330 1692 obsidere
1353 1675 1369 1702 ,
1396 1655 1498 1693 ex-

63 1722 359 1797 pugnavit.
385 1716 462 1774 Et
492 1716 806 1796 Oxycanus
828 1759 843 1784 ‚
878 1737 1006 1774 cum
1042 1719 1097 1774 in
1134 1736 1316 1775 arcem
1353 1737 1497 1774 con-

62 1798 293 1879 fugisset
314 1842 329 1867 ,
356 1799 572 1879 legatos
598 1797 668 1858 de
694 1797 1022 1858 conditione
1049 1795 1349 1856 deditionis
1384 1799 1495 1855 mi-

63 1881 132 1938 sit
155 1879 225 1940 ad
250 1901 473 1960 regem:
499 1879 595 1939 sed
621 1900 917 1960 antequam
941 1877 1158 1937 adirent
1182 1902 1340 1948 eum,
1366 1880 1494 1939 duae

62 1981 242 2021 turres
276 1983 407 2022 cum
442 1963 655 2043 ingenti
688 1959 910 2041 fragore
943 1958 1341 2040 prociderant,
1392 1981 1494 2040 per

63 2064 298 2124 quarum
323 2048 506 2104 ruinas
540 2043 885 2103 Macedones
910 2063 1133 2102 evasere
1167 2045 1224 2100 in
1260 2065 1445 2103 arcem
1471 2061 1491 2114 3

62 2148 173 2205 qua
216 2144 377 2205 capta
426 2126 738 2206 Oxycanus
780 2146 904 2183 cum
941 2124 1130 2204 paucis
1174 2146 1492 2205 repugnans

59 2206 358 2267 occiditur.
384 2206 589 2266 Diruta
614 2211 786 2287 igitur
811 2227 967 2274 arce,
994 2209 1051 2266 &
1080 2207 1339 2265 omnibus
1362 2228 1492 2286 cap·

59 2288 579 2360 tivis,venumdatis
615 2332 630 2358 ‚
670 2289 803 2349 Sabi
844 2289 989 2367 regis
1033 2286 1173 2346 fines
1211 2290 1489 2368 ingressus

61 2369 177 2444 est3
209 2370 508 2450 multisque
540 2371 760 2450 oppidis
786 2371 840 2427 in
875 2368 1044 2429 fidem
1071 2373 1316 2450 acceptis
1341 2413 1357 2439 ‚
1394 2393 1490 2430 va-

57 2450 375 2511 lidissimam
408 2454 589 2532 gentis
623 2452 818 2512 urbem
846 2452 1109 2511 cuniculo
1140 2454 1309 2532 cepit.
1344 2452 1486 2509 Bar-

58 2533 203 2593 baris
228 2533 400 2593 simile
428 2532 653 2592 monstri
676 2535 857 2593 visum
884 2532 958 2591 est
983 2576 999 2601 ‚
1033 2532 1265 2592 rudibus
1290 2532 1490 2593 milita-

57 2616 197 2673 rium
225 2635 497 2696 operum3
531 2616 735 2695 quippe
776 2616 828 2673 in
873 2614 1053 2673 media
1088 2612 1259 2674 ferme
1292 2616 1426 2673 urbe
1456 2636 1495 2679 e,

55 2714 200 2758 terra
247 2695 555 2759 existebant
585 2740 604 2768 ‚
654 2696 811 2757 nullo
853 2694 1069 2758 suffossi
1111 2695 1306 2777 specus
1357 2717 1485 2759 ante
