1690 3067
230 108 323 161 3⁴¹2
498 85 1410 159 QUINTE-CURCE,

227 202 356 243 men
377 223 394 249 ,
423 180 593 238 etiam
619 176 739 256 post
766 176 994 236 alteram
1020 171 1389 233 defectionem
1415 212 1430 232 ,
1471 171 1648 247 impe·

226 281 537 322 traverunt.
563 260 671 320 His
695 262 747 317 in
774 257 945 318 fidem
972 254 1217 333 acceptis
1243 259 1299 314 in
1324 250 1608 329 regionem
1632 290 1650 318 ,

230 366 396 423 quam
434 344 625 401 Naura
668 341 951 422 appellant
974 382 994 407 ,
1037 357 1134 395 rex
1173 357 1303 394 cum
1331 352 1459 392 toto
1488 354 1653 392 exer-

229 446 346 485 citu
374 444 550 484 vemt.

312 509 574 585 Satrapes
623 521 742 562 erat
784 499 1139 584 Sysimithres
1181 493 1404 556 duobus
1449 517 1519 555 ex
1559 491 1652 553 sua

229 608 407 653 matre
435 587 563 647 filiis
583 585 784 666 genitis
809 604 821 641 :
866 583 1073 662 quippe
1099 579 1250 659 apud
1285 595 1381 636 eos
1406 576 1652 656 parenti-⁴
1686 611 1690 634 .·

230 672 337 731 bus
364 669 553 749 stupro
593 669 750 726 coi're
787 687 915 724 cum
941 662 1129 724 liberis
1153 660 1231 720 fas
1257 658 1352 718 est.
1389 680 1443 717 11
1483 655 1652 717 milli—
1686 667 1690 720 j

230 755 336 812 bus
370 752 591 811 armatis
624 746 990 828 popularibus
1015 742 1201 805 fauces
1237 741 1479 821 regionis
1500 783 1516 809 ,
1545 760 1654 818 qua
1687 763 1690 798 ι

230 839 286 896 in
309 834 666 895 arfflssimum
687 831 910 908 cogitur
927 825 1139 895 ,valido
1165 825 1512 883 munimento
1535 819 1656 899 sep-

231 918 430 978 serant.
466 910 891 972 Praeterfluebat
920 926 1139 969 torrens
1170 906 1342 965 amnis
1372 923 1392 974 3
1429 926 1458 963 a
1490 921 1653 980 tergo

232 1018 393 1081 petra
422 994 760 1056 claudebat:
797 992 939 1051 hanc
971 1012 1136 1049 manu
1170 991 1421 1068 perviam
1453 983 1652 1046 incolae
1687 1013 1690 1042 ς

230 1084 500 1143 fecerant.
522 1075 638 1138 Sed
662 1073 844 1134 aditus
860 1072 1055 1153 specus
1080 1070 1285 1149 accipit
1308 1068 1492 1126 lucem
1520 1086 1539 1137 3
1573 1067 1650 1124 in-

232 1166 439 1229 teriora
472 1161 573 1219 nisi
600 1157 756 1216 illato
777 1156 985 1215 lumine
1011 1155 1249 1213 obscura
1277 1148 1422 1207 sunt.
1453 1149 1648 1226 Perpe-
1687 1154 1690 1206 i

233 1267 366 1308 tuus
398 1239 688 1303 cuniculus
719 1240 822 1298 iter
854 1236 1070 1318 pfaebet
1103 1237 1158 1292 in
1195 1251 1425 1311 campos
1448 1273 1464 1299 ,
1488 1231 1647 1309 igno-

232 1350 357 1390 tum
382 1326 489 1385 nisi
513 1321 806 1402 indigenis,
839 1320 925 1377 At
956 1315 1314 1381 Alexander,
1338 1333 1647 1391 quanquam
1688 1315 1690 1324 ⁴

234 1405 511 1488 angustias
537 1403 772 1462 naturali
796 1406 899 1462 situ
931 1400 1168 1458 munitas
1193 1419 1256 1455 ac
1283 1392 1523 1461 validas,
1548 1412 1646 1451 ma·

236 1516 314 1553 nu
336 1489 559 1550 barbari
583 1486 886 1545 tuebantur
909 1505 928 1556 3
964 1501 1146 1539 tamen
1171 1477 1434 1538 arietibus
1465 1473 1644 1535 admo·

237 1576 308 1639 tis
349 1571 691 1630 munimenta
716 1610 730 1635 ‚
772 1584 1108 1646 quae-manu
1149 1559 1406 1637 adjuncia
1445 1575 1601 1616 erant
1637 1597 1642 1625 2

235 1654 563 1721 concussit,
597 1648 897 1727 fundisque
939 1648 999 1704 &
1039 1642 1250 1724 sagittis
1291 1659 1642 1720 propugnan-

238 1744 380 1799 tium
420 1735 720 1814 plerosque
767 1729 1017 1806 dejecit:
1062 1747 1204 1806 quos
1249 1723 1346 1782 ubi
1381 1722 1642 1800 disperso}

237 1818 456 1899 fugavit
485 1859 502 1884 ,
542 1817 725 1873 ruinas
762 1812 1237 1870 munimentorum
1276 1802 1640 1884 supergressu:

240 1901 313 1964 ad
337 1919 552 1979 petram
575 1894 826 1955 admovit
849 1891 1176 1951 exercitum.
1199 1887 1474 1947 Ceterum
1492 1885 1640 1942 inter·

239 1981 505 2046 veniebat
526 1977 729 2036 fluvius
747 1973 1082 2035 coeuntibus
1106 1971 1263 2051 aquis
1287 1991 1355 2027 ex
1378 1966 1639 2045 superior<

240 2063 458 2143 fastigio
481 2063 536 2118 in
559 2058 801 2132 vallea-13
837 2059 1135 2135 magnique
1157 2056 1340 2134 operis
1363 2048 1638 2110 videbatu!

241 2169 360 2210 tam
391 2141 600 2204 vastam
631 2143 960 2221 voraginem
993 2134 1239 2216 explere.
1279 2130 1442 2191 Caedi
1469 2148 1637 2190 tamer

243 2229 473 2291 arbores
507 2271 523 2295 ‚
577 2227 637 2283 δε
674 2221 801 2281 saxa
842 2222 1075 2300 congeri
1115 2220 1294 2294 jussit.
1334 2213 1636 2294 Ingensqu‹

244 2309 514 2372 barbaros
544 2321 721 2384 pavor
757 2302 922 2361 rudes
951 2299 1022 2359 ad
1055 2299 1189 2358 talia
1219 2318 1389 2377 opera
1421 2289 1635 2354 concus-

241 2394 387 2454 serat
404 2432 418 2458 ,
446 2388 744 2447 excitatam
770 2382 974 2442 molem
999 2380 1183 2440 subito
1204 2398 1515 2439 cernentes·

326 2473 529 2551 Itaque
557 2489 653 2527 rex
681 2465 751 2525 ad
774 2465 1116 2524 deditionem
1139 2482 1291 2521 metu
1316 2482 1476 2541 posse
1500 2481 1633 2519 com·

246 2556 380 2639 peni
413 2571 561 2611 ratus
582 2594 599 2619 ,
633 2550 890 2608 Oxarten
917 2547 1065 2605 misit
1100 2546 1338 2604 nationis
1371 2542 1613 2621 ejusdem
1666 2562 1690 2599 s

245 2638 343 2702 {ed
367 2634 594 2694 ditionis
626 2629 734 2689 suae
758 2673 774 2698 ,
811 2630 908 2708 qui
935 2625 1190 2687 suaderet
1221 2625 1378 2684 Duci
1401 2666 1419 2695 ‚
1457 2642 1520 2682 ut
1553 2632 1646 2698 tra}

250 2724 411 2790 deret
458 2733 693 2797 petram.
730 2710 964 2781 Interim
1002 2707 1073 2775 ad
1109 2706 1421 2793 augendam
1463 2702 1644 2770 formi'
1668 2725 1690 2758 τι

1549 2817 1627 2860 tm:
