1690 3067
269 108 528 159 LIVRE
562 106 656 158 VI.
692 105 1144 155 CHAPITRE
1179 104 1259 154 II.
1392 115 1482 149 ιιι

158 188 308 248 Hinc
350 192 403 248 in
444 192 774 250 Parthienen
808 208 1138 268 perventum
1184 185 1301 256 est,
1349 205 1488 245 tunc

78 270 381 349 ignobilem
407 291 670 350 gentem3
707 292 852 328 nunc
889 288 1056 348 caput
1082 269 1325 327 omniurn
1346 311 1363 336 ‚
1389 267 1487 346 qui

76 351 200 428 post
234 351 555 430 Euphraten
603 355 662 410 &
702 351 919 430 Tigrim
956 370 1141 407 amnes
1182 350 1269 406 siti
1310 348 1485 405 rubro

77 436 214 491 mari
244 434 622 490 terminantur·
664 433 887 512 Scythae
929 430 1211 509 regionem
1241 426 1485 506 campes-

72 529 215 570 trem
247 533 309 570 ac
330 510 563 571 fertilem
586 530 1044 591 occupaverunt3
1073 530 1270 589 graves
1302 508 1487 567 adhuc

74 590 301 650 accolae.
350 592 521 651 Sedes
563 593 767 651 habent
804 596 861 651 ὅς
906 593 960 648 in
1009 590 1233 668 Europa
1261 632 1276 657 ,
1321 592 1377 647 &
1426 590 1483 647 in

73 671 243 730 Asia:
278 677 373 751 qui
411 673 569 753 super
604 674 960 751 Bosphorum
1004 670 1234 738 colunt,
1271 669 1484 728 adscri-

77 752 287 810 buntur
326 754 476 811 Asiae
514 777 534 826 3
568 775 622 813 at
659 759 752 833 qui
791 756 842 812 in
887 754 1112 830 Europa
1149 749 1307 818 sunt,
1346 750 1486 809 alae-

71 855 147 891 vo
170 833 423 892 Thraciae
454 834 622 894 latere
646 835 713 893 ad
738 831 1138 901 Borvsthenern
1160 875 1175 900 ,
1212 851 1378 911 atque
1407 835 1484 889 in=

71 913 141 972 de
168 913 236 972 ad
258 914 475 974 Tanain
504 915 669 973 alium
694 907 907 973 amnem
932 957 947 982 ‚
989 915 1134 972 recia
1164 912 1326 992 plaga
1351 914 1485 969 atti-

70 1013 224 1052 nent.
250 994 458 1054 Tanai‘s
489 996 772 1074 Europam
819 999 876 1053 ὅτ.
918 995 1112 1052 Asiam
1145 993 1358 1052 medius
1393 993 1483 1050 in-

69 1074 320 1145 terfluit3
359 1097 460 1134 nec
503 1075 790 1135 dubitatur
822 1119 838 1144 ‚
885 1079 1018 1154 quin
1063 1074 1288 1155 Scythae
1319 1114 1337 1140 ,
1385 1078 1482 1152 qui

68 1154 302 1214 Parthos
330 1156 660 1225 condidere,
697 1177 807 1215 non
841 1179 869 1213 a
908 1156 1206 1234 Bosphoro
1231 1197 1246 1223 ‚
1281 1152 1375 1211 sed
1409 1175 1479 1212 ex

68 1237 296 1315 regione
328 1237 567 1316 Europae
603 1238 1033 1316 penetraverint.
1071 1236 1226 1294 Urbs
1263 1253 1378 1293 erat
1415 1256 1480 1294 ea

68 1316 390 1395 tempestate
443 1321 587 1377 clara
641 1318 1087 1397 Hecatompylos
1116 1357 1133 1384 ,
1181 1316 1407 1374 condita
1448 1336 1478 1374 a

68 1399 281 1457 Graecis
307 1419 318 1456 τ
354 1399 430 1457 ibi
460 1397 649 1458 stativa
679 1420 775 1456 rex
807 1399 998 1457 habuit
1018 1441 1034 1467 ,
1071 1394 1480 1455 commeatibus

67 1478 309 1558 undique
333 1478 593 1539 advefiis.
618 1479 816 1559 Itaque
849 1500 1038 1536 rumor
1061 1522 1077 1546 ,
1104 1479 1269 1536 otiosi
1294 1476 1484 1535 militis

65 1560 262 1618 vitium
287 1602 304 1628 ,
347 1561 461 1618 sine
496 1563 716 1620 audiore
753 1560 1069 1639 percrebuit
1101 1601 1118 1627 ,
1155 1581 1321 1637 regem
1355 1579 1482 1616 con·

66 1656 260 1694 tentam
304 1638 483 1710 rebus,
536 1663 663 1717 quas
692 1644 952 1720 gessisset,
994 1642 1048 1694 in
1087 1639 1476 1695 saazcedoniam

58 1722 288 1800 protinus
323 1721 481 1782 redire
512 1720 766 1795 statuisse.
800 1720 1138 1779 Discurrunt
1177 1721 1476 1800 lymphatis

65 1800 264 1860 similes
287 1804 341 1860 in
372 1801 726 1861 tabernacula
751 1845 768 1870 ‚
811 1806 869 1861 ὅς
906 1803 1087 1860 itineri
1116 1799 1349 1861 sarcinas
1375 1823 1477 1878 ap-

64 1900 222 1940 tant:
262 1886 480 1960 signum
508 1882 699 1942 datum
725 1882 977 1941 crederes
1009 1925 1023 1948 ‚
1058 1901 1119 1939 ut
1155 1904 1279 1941 vasa
1321 1884 1478 1941 colii-

58 1967 279 2042 gerent.
304 1962 468 2022 Totis
503 1964 685 2023 castris
715 1964 986 2022 tumuitus
1021 1963 1145 2020 hinc
1172 1966 1478 2022 contuber-

56 2043 213 2103 'nales
258 2041 385 2102 suos
443 2047 838 2124 requirentium
874 2087 890 2113 ‚
948 2044 1072 2103 hinc
1124 2050 1474 2104 onerantium

55 2123 300 2203 'plaustra
321 2167 336 2192 ,
371 2123 647 2202 perfertur
683 2125 749 2183 ad
774 2146 981 2203 regern.
1006 2123 1280 2184 Fecerant
1303 2125 1473 2184 fidem

63 2206 271 2262 rumori
297 2224 506 2264 temere
539 2205 772 2285 vulgato
809 2207 992 2264 Graeci
1021 2207 1255 2273 miiites·‚
1295 2206 1478 2266 redire

63 2286 192 2364 jussi
215 2285 412 2345 domos
434 2329 450 2354 ,
484 2308 721 2365 quorum
748 2288 1026 2366 equitibus
1058 2287 1284 2365 singuiis
1306 2288 1476 2346 dena-

62 2367 270 2424 riorum
289 2365 411 2426 sena
434 2367 600 2425 miliia
635 2366 785 2425 dono
813 2366 1060 2427 dederat.
1081 2366 1224 2446 Ipsis
1247 2389 1474 2448 quoque

62 2444 232 2505 finem
267 2449 475 2508 militiae
518 2448 706 2507 adesse
746 2448 1065 2508 credebant.
1109 2450 1281 2508 Haud
1320 2447 1477 2507 secus

63 2548 227 2604 quam
253 2548 351 2606 par
382 2549 497 2588 erat
528 2535 753 2588 territus
782 2529 1106 2589 Alexander
1126 2573 1140 2598 ,
1181 2532 1273 2609 qui
1297 2528 1474 2589 Indos

64 2626 231 2685 atque
288 2609 481 2669 ultima
528 2611 779 2669 Orientis
819 2632 1110 2689 peragrare
1154 2612 1422 2668 statuisset
1452 2654 1471 2678 2

65 2685 354 2766 praefet‘ios
397 2696 681 2771 copiarum
712 2693 765 2751 in
796 2694 1117 2770 praetorium
1158 2692 1473 2752 contrahit:
