1690 3067
243 96 506 147 LIVRE
544 97 608 143 X.
648 94 820 143 CHA
841 95 1108 144 PJTRE
1144 99 1216 145 Χ.»
1363 104 1469 163 579·

115 182 192 241 Et
220 180 449 261 quidem
482 178 601 239 suas
637 180 872 260 quisque
907 200 1044 258 opes
1069 180 1258 242 divisis
1288 181 1461 262 irnpe-

34 264 102 324 rii
126 262 376 343 partibus
413 261 716 321 tuebantur
751 281 886 339 quas
916 263 1020 339 ipsi
1051 262 1421 322 fundaverant
1442 264 1498 332 ,Χ

32 349 83 405 si
134 365 380 424 unquam
439 342 706 403 adversus
754 342 1080 401 immodicas
1128 344 1463 423 cupiditates

35 425 307 486 terminus
332 422 514 484 staret.
548 425 778 502 Quippe
811 421 981 502 paulo
1013 445 1140 483 ante
1177 427 1321 504 regis
1362 428 1466 484 mi-

35 506 189 570 nistri
220 550 238 576 ,
274 505 456 585 specie
496 506 711 585 imperii
743 503 906 564 alieni
941 507 1317 584 procurandi,
1362 509 1465 566 sin-

31 589 157 669 guli
181 588 428 668 ingentia
452 590 766 649 invaserant
792 606 962 666 regna
983 606 1003 658 3
1037 585 1263 647 sublatis
1287 609 1468 648 certa-

38 671 251 730 minum
271 669 450 727 causis
473 711 490 738 ,
525 689 656 727 cum
688 671 747 726 &
780 688 973 726 omnes
1004 669 1251 748 ejusdem
1282 672 1465 750 gentis

34 769 226 813 essent
244 792 260 819 ,
289 753 347 810 &
373 772 404 809 a
426 749 625 809 ceteris
655 748 735 806 sui
766 750 1001 828 quisque
1036 752 1251 829 imperii
1284 753 1468 832 regio-

38 853 109 893 ne
135 831 382 892 discreti.
418 830 533 890 Sed
571 829 796 890 difficile
825 850 942 889 erat
972 852 1041 890 eo
1070 850 1370 891 contentos
1394 832 1469 893 es-

36 912 133 982 se,
174 912 332 993 quod
369 911 656 972 obtulerat
694 913 960 971 occasio:
1004 917 1212 992 quippe
1241 913 1470 974 sordent

39 997 217 1076 prima
240 1015 478 1074 quaeque
496 1037 511 1062 ‚
539 1015 668 1053 cum
695 996 903 1070 majora
923 992 1231 1073 sperantur.
1264 993 1469 1075 Itaque

38 1076 302 1136 omnibus
334 1074 650 1155 expeditius
687 1074 986 1135 videbatur
1021 1096 1223 1154 augere
1258 1097 1426 1157 regna
1448 1120 1467 1146 ‚

37 1179 211 1238 quarn
227 1155 424 1216 fuisset
448 1158 725 1235 accipere.
752 1156 1036 1234 Septimus
1059 1155 1176 1215 dies
1198 1177 1314 1216 erat
1337 1200 1353 1227 ‚
1397 1179 1469 1217 ex:

36 1261 156 1319 quo
190 1258 396 1316 corpus
435 1237 577 1317 regis
612 1236 833 1314 jacebat
867 1236 924 1293 in
957 1234 1096 1295 solio
1116 1259 1137 1311 3
1174 1239 1317 1297 curis
1351 1259 1472 1300 om-

40 1322 195 1379 nium
234 1318 306 1377 ad
332 1316 685 1377 formandum
720 1316 1010 1397 publicum
1045 1315 1246 1377 statum
1285 1342 1314 1378 a
1350 1338 1466 1379 tam

40 1400 272 1463 solemni
290 1420 516 1460 munere
537 1399 759 1459 aversis,
783 1398 859 1456 Et
881 1418 993 1457 non
1016 1398 1134 1457 aliis
1152 1420 1319 1479 quarn
1341 1401 1470 1461 Me-

40 1481 364 1561 sopotamiae
415 1480 645 1560 regione
693 1477 961 1540 fervidior
1018 1478 1176 1538 aestus
1232 1479 1414 1542 existit
1445 1526 1464 1552 ,

43 1564 186 1624 adeo
217 1582 282 1622 ut
313 1561 578 1641 pleraque
608 1559 859 1620 animalia
878 1603 895 1630 ,
933 1580 1056 1640 quae
1080 1565 1137 1621 in
1161 1560 1314 1622 nudo
1345 1562 1466 1623 solo

42 1642 412 1724 deprehendit
432 1685 448 1713 ,
484 1643 775 1721 extinguat
793 1664 813 1715 3
850 1661 1037 1701 tantus
1068 1642 1144 1702 est
1175 1664 1352 1724 vapor
1375 1644 1473 1705 so*

42 1727 108 1787 iis
133 1729 192 1785 δε
227 1725 346 1784 caeli
375 1767 392 1794 ‚
439 1745 554 1804 quo
581 1725 780 1783 cunffi’ta
803 1723 959 1784 velut
998 1724 1126 1804 igne
1160 1743 1465 1788 torrentur.

48 1807 262 1867 Fontes
297 1827 564 1886 aquarum
595 1808 653 1864 δε
686 1806 792 1864 rari
821 1803 946 1863 sunt
963 1824 984 1875 3
1018 1806 1464 1870 &incolentium

45 1886 241 1948 fraude
271 1888 557 1947 celantur:
585 1886 713 1964 ipsis
751 1908 879 1945 usus
906 1905 1061 1965 patet
1078 1907 1096 1957 3
1128 1890 1354 1969 ignotus
1389 1890 1468 1950 est

48 1969 302 2029 advenis,
337 1969 424 2027 Ut
445 1965 672 2027 tandem
697 1989 889 2026 curare
911 1988 1116 2047 corpus
1153 1971 1469 2031 exanimum

50 2050 239 2110 amicis
261 2050 516 2121 vacavit3
542 2048 689 2107 nulla
713 2047 873 2117 tabe,
898 2069 967 2108 ne
989 2050 1219 2111 minimo
1241 2053 1468 2131 quidem

50 2132 229 2194 livore
252 2148 577 2210 corruptum
601 2129 788 2190 videre
810 2172 826 2198 ‚
862 2130 956 2210 qui
977 2131 1336 2193 intraverant.
1370 2133 1472 2193 Vi-

53 2235 159 2294 gor
185 2233 410 2293 quoque
431 2254 449 2280 ,
489 2211 586 2292 qui
609 2209 822 2270 constat
844 2233 913 2270 ex
941 2210 1130 2291 spiritu
1154 2257 1169 2282 ,
1208 2235 1319 2273 non
1353 2213 1472 2275 des-

55 2298 285 2352 tituerat
306 2292 545 2353 vultum.
567 2291 769 2372 Itaque
788 2292 1076 2374 AEgyptii,
1105 2294 1472 2376 Chaldaeique

57 2375 189 2453 jussi
207 2395 412 2452 corpus
436 2373 533 2431 suo
558 2395 711 2432 more
737 2396 930 2433 curare
949 2417 963 2442 ,
998 2377 1180 2454 primo
1217 2399 1326 2434 non
1348 2377 1474 2438 sunt

60 2457 178 2516 ausi
216 2453 515 2513 admovere
558 2454 713 2513 velut
753 2454 977 2533 spiranti
1012 2478 1240 2515 manus:
1275 2458 1476 2519 deinde

0 2580 1 2603 2
62 2535 313 2617 precati,
349 2552 402 2587 ut
417 2535 700 2612 jnsfzsque
735 2553 850 2590 esset
885 2536 1187 2593 mortalibus
1212 2542 1479 2596 attreft'are

0 2587 10 2687 i
65 2638 219 2679 eux-n,-
246 2636 553 2694 purgavere
575 2637 777 2694 corpus
799 2658 815 2684 ,
841 2616 1229 2698 repletumque
1250 2618 1325 2679 est
1346 2620 1483 2678 odo-

0 2699 11 2754 s*
66 2696 224 2758 ribus
249 2717 472 2757 aureum
497 2694 726 2768 solium,
761 2700 819 2758 &
858 2699 1027 2779 capiti
1063 2699 1269 2781 adjecta
1311 2699 1481 2761 fortir*

10 2761 18 2917 ἓ
1172 2799 1313 2865 Bbij
