1690 3067
227 93 329 155 254
504 95 1412 160 QUINTE-CURCE,

235 178 562 239 tifostendit.
592 179 960 239 Menedemus
986 180 1232 259 undique
1264 181 1508 239 inclusus
1531 224 1545 249 ‚
1575 187 1653 242 'ne

232 283 467 320 numero
495 261 718 341 quidem
741 282 838 340 par
854 303 870 328 ,
899 260 996 318 diu
1018 280 1201 319 tamen
1224 260 1454 336 restitit3
1473 261 1656 321 clami-

231 362 354 401 tans
374 342 506 397 nihil
526 344 680 398 alind
690 345 939 422 superesse
962 343 1184 397 locorum
1194 341 1389 417 fraude
1415 343 1652 413 deceptis,

234 446 396 501 qnam
434 421 630 497 honestae
674 424 854 477 mortis
871 422 1120 496 fhloztium
1159 445 1220 478 ex
1253 421 1464 496 hostium
1507 410 1650 484 ciede.

231 504 425 585 Ipsum
452 502 757 584 praevalens
792 525 966 583 equus
998 504 1238 563 vehebat
1261 547 1277 574 ‚
1320 525 1433 584 quo
1458 503 1663 584 saepius

230 588 287 645 in
314 608 522 645 cuneos
546 585 912 649 barbarorum
938 584 1121 645 effusis
1147 586 1373 646 habenis
1398 588 1652 661 ενεόῒυε,
1688 651 1690 663 2

233 689 432 748 magna
455 666 631 745 strage
655 687 752 727 eos
777 665 1015 725 fuderat.
1040 665 1153 725 Sed
1180 689 1306 727 cum
1332 689 1503 726 unum
1527 689 1652 726 om·-
1689 701 1690 706 κ

237 771 333 808 nes
383 768 638 827 peterent
668 791 685 817 ‚
748 747 937 807 multis
990 747 1310 809 vulneribus
1362 750 1653 829 exsanguis

233 829 534 910 Hy-psiden
572 828 867 909 quemdam
905 851 973 887 ex
1011 831 1197 888 amicis
1240 831 1494 890 hortatus
1533 829 1609 889 est
1633 872 1650 899 ,

234 931 298 971 ut
321 913 374 968 in
401 934 606 991 equum
637 909 793 969 suum
825 910 1182 979 ascenderet,
1221 914 1278 969 &
1313 910 1365 970 se
1397 910 1526 992 fuga
1555 913 1653 971 eri-

233 1012 413 1073 peret.
455 993 599 1052 Haec
638 1011 896 1072 agentem
930 993 1107 1052 anima
1146 990 1388 1062 defecit,
1425 992 1654 1073 corpus-

234 1097 344 1156 que
370 1096 438 1134 ex
465 1096 611 1154 equo
638 1073 875 1132 defluxit
905 1075 958 1131 in
983 1093 1207 1134 terram.
1235 1074 1521 1155 Hypsides
1547 1096 1652 1155 po-

234 1177 380 1217 terat
406 1157 632 1236 quidem
655 1155 938 1234 effugere3
977 1155 1070 1214 sed
1097 1160 1296 1215 amisso
1323 1161 1502 1216 amico
1538 1179 1650 1216 mo-

237 1244 282 1299 ri
310 1238 514 1297 statuit.
553 1239 684 1296 Una
724 1257 842 1295 erat
877 1259 1043 1305 cura,
1086 1257 1154 1295 ne
1187 1237 1395 1295 inultus
1423 1236 1650 1297 occide·-

236 1341 340 1379 ret.
373 1318 574 1399 Itaque
599 1317 830 1378 subditis
856 1317 1165 1377 calcaribus
1188 1339 1334 1396 equo
1363 1320 1415 1375 in
1442 1318 1649 1378 medios

234 1399 414 1460 hostes
439 1399 491 1459 se
517 1401 770 1467 immisit,
809 1403 867 1458 &
907 1399 1251 1458 memorabili
1281 1398 1427 1459 edita
1465 1422 1648 1481 pugna

237 1486 474 1543 obrutus
509 1480 634 1542 telis
664 1480 759 1540 est.
791 1480 967 1553 Quod
993 1481 1090 1539 ubi
1118 1480 1311 1540 videre
1332 1524 1348 1549 ,
1382 1484 1477 1561 qui
1514 1481 1646 1541 caedi

233 1565 557 1645 supererant
581 1583 598 1633 3
634 1562 912 1622 tumulum
936 1561 1105 1642 paulo
1131 1584 1296 1642 quam
1328 1582 1514 1622 cetera
1536 1563 1644 1623 edi-

237 1653 440 1708 tiorem
464 1647 709 1725 capiunt.
743 1645 906 1717 Quos
931 1645 1276 1723 Spitamenes
1302 1641 1443 1703 fame
1476 1646 1530 1702 in
1554 1644 1644 1705 de-

237 1729 510 1789 ditionem
531 1726 850 1786 subacturus
875 1725 1116 1785 obsedit.
1136 1724 1409 1786 Cecidere
1429 1748 1497 1786 eo
1519 1749 1642 1808 prae·

193 1874 197 1875 ⁷
236 1812 314 1870 iio
341 1809 593 1889 peditum
621 1827 670 1866 11
699 1807 897 1875 millia,
927 1826 1047 1865 ccc
1074 1809 1307 1886 equites,
1333 1809 1519 1881 Quam
1546 1810 1642 1868 cla-

238 1893 368 1952 dem
393 1889 718 1950 Alexander
748 1888 937 1948 solerti
970 1890 1204 1947 consilio
1245 1891 1387 1950 texit
1414 1932 1429 1959 ‚
1470 1910 1640 1950 morte

238 1973 562 2033 denuntiata
585 1972 647 2030 iis
669 2015 685 2040 ,
719 1972 814 2052 qui
839 1992 907 2030 ex
929 1969 1121 2051 praelio
1143 1990 1409 2032 venerant
1427 2015 1444 2043 ,
1487 1974 1531 2032 si
1559 1993 1639 2032 ac-

237 2076 294 2116 ta
320 2054 660 2135 vulgassent.
1455 2112 1462 2114 .

330 2136 381 2195 C
403 2155 442 2194 A
467 2155 522 2194 P.
554 2134 609 2195 V
630 2134 661 2193 I
679 2134 708 2192 I
727 2133 778 2193 I.
819 2134 1088 2195 Ceterum
1117 2157 1243 2193 cum
1266 2135 1447 2195 animo
1471 2135 1656 2215 dispan

237 2240 355 2279 rem
390 2218 609 2276 vultum
645 2216 853 2275 diutius
880 2214 1024 2276 ferre
1059 2237 1171 2274 non
1204 2235 1433 2296 posset3
1478 2219 1532 2275 in
1568 2236 1652 2277 ta··

236 2298 601 2359 bernaculum
629 2296 790 2376 super
824 2299 996 2377 ripam
1027 2297 1269 2357 fluminis
1296 2296 1365 2355 de
1389 2298 1635 2356 industria

237 2381 488 2440 locatum
512 2379 751 2438 secessit.
781 2378 876 2437 Ibi
896 2380 1010 2436 sine
1036 2377 1252 2439 arbitris
1281 2381 1494 2458 singula
1530 2381 1634 2439 ani-

238 2467 317 2523 mi
349 2460 602 2521 consulta
635 2458 926 2539 pensando
945 2503 962 2528 ,
1000 2461 1222 2520 noctem
1243 2461 1441 2540 vigiliis
1471 2482 1632 2521 extra·

239 2545 324 2605 xit
353 2587 370 2613 ‚
413 2540 557 2621 saepe
595 2542 834 2623 pellibus
871 2541 1220 2603 tabernaculi
1258 2544 1541 2613 allevatis,
1588 2555 1631 2602 ui
1654 2595 1668 2615 ι.

238 2625 592 2703 conspiceret
627 2622 862 2682 hostium
893 2626 1050 2703 ignes
1070 2666 1084 2692 ‚
1121 2646 1151 2683 e
1192 2625 1394 2705 quibus
1429 2629 1629 2705 conjec-¹

241 2726 358 2785 {tate
382 2724 644 2788 poterat,
679 2726 883 2786 quanta
916 2706 1203 2777 thinum.
1236 2706 1540 2778 multitudo
1569 2702 1628 2774 εὗ
1663 2742 1666 2749 -

1550 2806 1624 2874 1³¹⁰
1665 2816 1690 2871 ε

1674 2947 1690 3000 ά
