1690 3067
192 91 1087 149 LIVREVI.CHAPITRE
1123 89 1205 138 II.
1350 99 1444 151 107

26 190 214 262 'regem
238 182 433 241 liceret
458 179 698 258 precati,
726 177 941 236 veniam
966 172 1286 239 defeciionis
1311 194 1448 252 prae-

26 284 114 322 ter
139 264 388 323 ‘melotes
432 266 891 338 impetraverunt.
933 254 1399 333 Megalopolitani
1426 299 1446 325 ,

26 365 266 424 quorum
286 342 415 401 urbs
436 361 551 400 erat
572 341 789 398 obsessa
810 361 837 396 a
858 337 1167 397 defectione
1183 378 1199 403 ,
1222 336 1448 394 Achaeis

30 430 90 484 &
117 425 320 484 AEtolis
350 442 463 481 cxx
487 421 694 480 talenta
717 420 845 478 dare
872 419 1002 497 jussi
1026 416 1169 475 sunt.
1205 417 1318 473 Hic
1343 416 1450 476 fuit

34 508 214 565 exitus
250 504 380 562 belli
411 546 426 571 ,
473 503 627 581 quod
663 521 890 579 repente
927 519 1110 557 ortum
1136 542 1152 566 ,
1193 502 1343 575 prius
1369 517 1450 555 ta-

32 609 157 645 men
196 585 412 643 finitum
459 582 533 642 est
568 626 584 652 ‚
636 604 801 662 quam
845 581 1081 640 Darium
1122 577 1455 649 Alexander:¹

33 665 183 748 apud
221 665 432 723 Arbela
466 663 765 744 superaret.

126 747 178 805 C
197 766 235 804 A
256 766 309 804 P.
335 744 428 802 II.
466 746 578 804 Sed
605 765 664 802 ut
692 746 930 823 primum
954 740 1278 801 instantibus
1305 741 1452 800 curi-s

31 827 246 887 laxatus
285 825 360 886 est
402 828 611 885 animus
636 869 650 893 ,
696 825 1010 883 militarium
1058 845 1242 882 rerum
1283 844 1454 903 quam

34 911 235 989 quietis
268 910 477 987 otiique
509 908 838 986 patientior,
876 925 1146 983 excepere
1181 926 1308 963 eum
1346 925 1454 965 vo-

32 990 276 1069 luptates
307 1010 319 1046 :
359 993 416 1047 &
442 1010 604 1067 quem
643 1009 787 1046 arma
814 987 1102 1044 Persarum
1128 1007 1240 1044 non
1272 983 1456 1064 frege-

32 1090 195 1138 rant,
237 1070 367 1128 vitia
406 1071 679 1127 vicerunt.
717 1065 1110 1145 Intempestiva
1148 1066 1403 1125 convivia
1429 1105 1450 1133 ,

33 1155 91 1210 &
118 1148 447 1230 perpotandi
470 1148 948 1229 pervigilandique
974 1153 1159 1207 insana
1183 1146 1457 1214 dulcedO,

34 1231 262 1311 ludique
283 1274 298 1299 ,
339 1234 395 1289 &
431 1252 628 1310 greges
653 1230 912 1308 pellicum
939 1271 954 1297 ,
991 1230 1173 1286 omnia
1197 1229 1250 1285 in
1272 1248 1457 1287 exter-

37 1333 169 1370 num
201 1313 350 1391 lapsa
383 1309 506 1370 sunt
538 1333 750 1369 morem
787 1331 951 1389 quem
987 1311 1271 1368 aemulatus
1297 1309 1457 1388 quasi

34 1394 314 1472 potiorem
339 1391 436 1450 suo
462 1436 476 1460 ,
510 1393 582 1451 ita
609 1391 960 1472 popularium
999 1392 1208 1448 animos
1243 1388 1458 1447 oculos-

36 1495 144 1552 que
172 1475 371 1552 pariter
393 1472 628 1532 offendit
648 1516 663 1541 ,
692 1492 753 1530 ut
780 1495 808 1530 a
837 1471 1113 1550 plerisque
1145 1473 1452 1530 amicorum

35 1575 140 1633 pro
166 1553 315 1613 hoste
341 1553 654 1613 haberetur.
688 1552 943 1612 Tenaces
980 1557 1187 1631 quippe
1217 1551 1458 1631 discipli-

38 1656 120 1692 nae
148 1634 252 1692 suae
285 1678 299 1702 ,
326 1633 627 1713 solitosque
652 1656 821 1713 parco
848 1657 909 1693 ac
939 1634 1169 1712 parabili
1198 1635 1347 1694 Viciu
1382 1631 1455 1690 ad

37 1715 314 1794 implenda
353 1736 560 1774 naturae
596 1714 864 1774 desideria
902 1713 1170 1794 defungi,
1208 1719 1263 1773 in
1300 1735 1460 1792 pere·

19 1798 194 1876 ‘grina
232 1801 284 1855 &
312 1795 649 1857 devidlarum
675 1800 924 1876 gentium
959 1795 1101 1854 mala
1137 1795 1457 1874 impulerat.

44 1879 198 1936 Hinc
236 1876 426 1957 saepius
468 1898 800 1955 comparatae
853 1882 906 1936 in
952 1896 1119 1955 caput
1166 1879 1282 1954 ejus
1325 1877 1462 1933 insi-

46 1957 184 2017 diae:
220 1957 450 2017 secessio
487 1957 722 2016 militum
753 1979 764 2015 :
806 1961 862 2016 ἃ
902 1957 1128 2016 liberior
1166 1960 1308 2015 inter
1344 1962 1472 2014 mu-v
1538 1954 1544 1959 ’

43 2058 164 2098 tuas
199 2041 449 2119 querelas
494 2038 657 2097 dolor
686 2060 698 2096 τ
732 2040 900 2117 ipsius
940 2037 1140 2098 deinde
1180 2059 1328 2097 nunc
1359 2035 1485 2094 sus?

45 2121 287 2198 piciones
315 2140 446 2199 quas
471 2121 749 2179 excitabat
774 2119 1120 2179 inconsultus
1138 2140 1348 2198 pavor:
1377 2140 1466 2177 ce·-

46 2221 273 2280 teraque
299 2203 380 2261 his
405 2200 598 2260 similia
619 2243 633 2268 ,
665 2223 788 2280 quae
817 2201 1016 2259 deinde
1044 2201 1320 2259 dicentur.
1353 2198 1468 2279 lg}

48 2300 140 2338 tur
178 2304 304 2340 cum
348 2281 741 2360 intempestivis
783 2283 1055 2342 conviviis
1101 2281 1216 2340 dies
1263 2282 1471 2358 pariter

48 2364 347 2442 noctesque
383 2383 780 2437 consumeret3
825 2361 1132 2422 satietatem
1176 2363 1467 2441 epularum

47 2441 194 2500 ludis
234 2443 606 2522 interpolabat
632 2464 644 2502 :
684 2466 795 2502 non
825 2463 1128 2503 contentus
1151 2442 1424 2502 artificum
1446 2483 1465 2509 ,

51 2543 193 2601 quos
232 2545 260 2581 e
305 2526 522 2582 Graecia
569 2527 910 2584 excitaverat
948 2568 963 2594 ,
1010 2525 1194 2584 turba.
1239 2525 1471 2602 Quippe

56 2605 287 2681 captivae
324 2603 645 2664 feminarum
680 2607 1016 2683 jubebantur
1038 2605 1136 2664 suo
1166 2607 1274 2664 ritu
1310 2626 1474 2663 cane-

56 2704 112 2743 re
149 2684 493 2746 inconditum
516 2728 534 2760 ,
577 2691 634 2749 &
661 2688 962 2749 abhorrens
993 2690 1300 2769 peregrinis
1335 2688 1490 2744 auri-'

1197 2784 1304 2847 Evj
