1690 3067
281 91 547 143 LIVRE
583 88 681 142 VI.
722 89 1182 139 CHAPITRE
1219 94 1277 142 V.
1348 140 1357 155 ς
1421 102 1511 155 135

94 171 275 234 Vestis
306 197 416 234 non
443 194 570 234 toto
603 173 966 235 Amazonum
1002 195 1242 254 corpore
1276 170 1516 234 obduci-

92 275 226 330 tur3
261 279 383 315 nam
408 256 547 316 laeva
571 277 697 337 pars
725 255 796 316 ad
821 257 1011 336 pectus
1035 253 1112 314 est
1137 254 1285 314 nuda
1304 299 1321 325 ‚
1355 275 1516 319 cete·-¹

92 358 152 396 ra
185 338 385 398 deinde
420 337 697 399 velantur.
738 338 863 398 Nec
894 358 1080 397 tamen
1117 337 1265 395 sinus
1304 335 1464 398 vestis
1491 380 1511 406 ‚

95 440 262 498 quem
287 417 440 479 nodo
466 419 742 501 colligunt
766 463 782 488 ,
821 418 960 479 infra
993 440 1175 499 genua
1199 417 1511 478 descendit.

91 502 291 561 Altera
315 499 516 581 papilla
539 503 741 561 intacta
763 500 1010 563 servatur
1027 543 1046 570 ‚
1083 520 1193 581 qua
1222 499 1513 560 muliebris

89 579 247 642 sexus
273 583 479 642 liberos
510 583 660 643 alant
683 604 696 642 :
734 582 987 643 aduritur
1009 581 1205 642 dextra
1225 624 1242 651 ,
1265 602 1328 641 ut
1354 602 1514 642 arcus

86 661 300 725 facilius
338 663 628 724 intendant
653 707 670 733 ‚
706 668 764 724 ὅ(
806 664 916 725 tela
954 664 1198 724 vibrent.
1238 662 1512 722 Interrito

88 746 252 806 vultu
299 768 488 826 regem
523 745 825 806 Thalestris
857 746 1179 805 intuebatur
1202 788 1219 814 ‚
1257 744 1511 805 habitum

90 832 207 908 ejus
232 828 663 908 haudquaquam
696 850 880 895 rerum
910 827 1068 886 famae
1101 849 1289 906 parem
1332 826 1513 886 oculis

86 907 439 989 perlustranS.
457 910 685 991 Quippe
707 909 1024 968 hominibus
1045 909 1291 968 barbaris
1312 911 1366 967 in
1390 930 1512 968 cor-

85 1012 285 1071 porum
313 989 590 1071 majestate
612 996 899 1053 veneratio
921 989 997 1050 est
1020 1011 1038 1061 3
1063 1011 1512 1072 magnorumque

86 1093 322 1151 operum
349 1093 460 1132 non
483 1071 618 1132 alios
644 1093 873 1152 capaces
897 1091 1096 1152 putant
1117 1115 1134 1141 ,
1167 1094 1334 1152 quam
1366 1090 1512 1153 quos

86 1155 284 1214 eximia
304 1153 482 1233 specie
507 1153 714 1214 donare
748 1173 941 1213 natura
962 1153 1185 1233 dignata
1210 1152 1305 1213 est.
1336 1154 1512 1214 Cete-

84 1256 207 1293 rum
255 1239 597 1315 interrogata
629 1278 647 1304 ,
697 1255 825 1292 num
861 1233 1069 1314 aliquid
1103 1253 1264 1316 petere
1310 1238 1508 1292 vellet:

84 1315 234 1376 haud
262 1315 542 1378 dubitavit
567 1316 724 1377 fateri
746 1360 762 1386 ,
802 1315 881 1374 ad
908 1315 1362 1373 communicandos
1386 1339 1507 1374 cum

83 1418 192 1478 rege
218 1397 391 1455 liberos
408 1399 463 1475 se
485 1403 716 1455 venisse:
743 1397 961 1480 dignam
987 1442 1005 1467 ,
1036 1419 1096 1454 ex
1121 1420 1226 1477 qna
1245 1401 1346 1479 ipse
1368 1402 1511 1479 regni

75 1497 337 1560 generaret
371 1478 584 1536 heredes.
624 1483 890 1538 feminini
902 1480 1058 1554 sexus
1071 1477 1125 1555 β’
1151 1497 1457 1537 retenturam
1478 1504 1502 1548 ς

86 1581 282 1616 marem
320 1560 640 1619 reddituram
666 1566 828 1642 patri.
871 1560 1201 1622 Alexander
1226 1605 1240 1628 ,
1279 1583 1348 1618 cm
1384 1584 1506 1619 cnm

81 1643 187 1722 ipso
214 1643 438 1699 militare
457 1644 655 1700 vellet?
683 1648 1023 1726 interrogat:
1048 1648 1106 1704 &
1130 1643 1225 1703 ille
1247 1662 1466 1705 causata
1484 1688 1506 1716 ,

83 1724 189 1779 sine
212 1723 406 1800 custode
438 1745 649 1804 regnum
674 1728 930 1805 reliquisse
950 1751 972 1793 ,-
1016 1746 1208 1807 petere
1232 1747 1501 1806 perseve-

83 1804 242 1864 rabat
260 1848 278 1874 ,
318 1806 447 1881 nese
479 1810 694 1863 irritam
709 1807 820 1889 spei
831 1825 1091 1889 pateretur
1112 1806 1268 1867 abire.
1290 1808 1504 1870 Acrior

83 1885 156 1946 ad
195 1885 472 1947 Venerem
512 1887 732 1950 feminae
773 1889 983 1970 cupido
1014 1912 1180 1969 quam
1209 1892 1353 1971 regis
1379 1933 1395 1959 ‚
1440 1910 1504 1951 ut

81 1989 290 2048 paucos
317 1969 432 2029 dies
454 1969 767 2030 subsisteret
788 2014 804 2040 ,
836 1972 1120 2051 perpulit3
1152 1993 1278 2030 xln
1307 1971 1424 2033 dies
1446 1974 1503 2031 in

83 2048 415 2130 obsequium
441 2050 697 2111 desiderii
733 2055 849 2130 ejus
889 2052 1132 2112 absumti
1167 2051 1313 2112 sunt.
1347 2053 1503 2113 Tum

81 2130 170 2189 illa
194 2153 428 2212 regnum
450 2131 643 2205 suum3
673 2155 772 2194 rex
796 2134 1128 2196 Parthienen
1159 2135 1502 2214 petiverunt„

173 2211 226 2272 C
244 2232 282 2271 A
301 2233 354 2272 P.
384 2213 440 2274 V
457 2213 509 2273 Ι.
539 2215 653 2274 Hic
673 2237 809 2276 vero
831 2217 1010 2295 palam
1031 2215 1363 2297 cupiditates
1381 2216 1504 2278 suas

83 2289 245 2352 solvit
264 2316 283 2366 3
308 2298 820 2377 continentiamque
843 2302 900 2357 &
924 2297 1362 2359 moderationem
1391 2343 1405 2368 ,
1441 2302 1500 2358 in

83 2373 338 2435 altissima
377 2398 596 2456 quaque
632 2376 856 2437 fortuna
893 2382 1187 2440 eminentia
1220 2381 1366 2439 bona
1391 2424 1408 2450 ‚
1443 2385 1499 2441 in

0 2473 1 2476 ¹
80 2453 389 2533 superbiam
421 2480 484 2517 ac
522 2459 803 2519 lasciviam
836 2463 1023 2521 vertit.
1072 2463 1282 2521 Patrios
1318 2484 1503 2522 mores

2 2592 3 2597 ,
84 2534 540 2618 disciplinamque
565 2540 944 2600 Macedonum
980 2565 1175 2624 regum
1208 2542 1498 2604 salubriter

81 2634 442 2695 temperatam
467 2663 480 2687 ,
520 2625 578 2680 &
628 2624 850 2682 civilem
890 2624 1178 2692 habitum,
1215 2625 1373 2683 velut
1416 2626 1501 2683 le-

84 2699 238 2762 viora
271 2702 654 2783 magnitudine
697 2702 790 2767 sua
833 2704 1041 2782 ducens
1071 2727 1094 2782 5
1130 2707 1363 2769 Persicae
1403 2728 1498 2780 rc:
