1690 3067
91 87 356 138 ,LJVRE
392 87 566 137 VJJL
604 89 1058 142 CHAPITRE
1088 93 1192 144 ιΧ.
1271 95 1362 161 363

38 171 308 231 Ceterum
344 191 466 250 quae
502 175 762 250 propiora
786 173 908 233 sunt
935 180 1111 246 mari,
1148 183 1370 261 aquilo-

10 273 47 311 τε
89 252 320 313 maxime
366 250 643 312 deurunt:
680 256 716 312 ii
747 256 981 315 cohibiti
1018 262 1162 339 jugis
1204 285 1369 324 mon-

13 355 88 392 ιω
121 332 189 392 ad
225 334 487 392 interiora
524 355 636 394 non
678 356 1008 415 penetrant,
1046 341 1121 400 ita
1160 342 1372 407 alendis

14 413 197 493 igibus
238 415 410 473 mitia.
440 415 552 475 Sed
578 414 718 475 adeo
746 423 800 477 in
826 417 915 478 illa
941 419 1103 500 plaga
1129 425 1370 486 mundus

16 515 106 553 ttas
129 509 446 574 temporum
474 497 621 557 vices
654 518 862 568 mutat,
890 520 953 559 ut
978 523 1104 561 cum
1131 504 1233 564 alia
1255 505 1372 566 fer-

19 596 84 638 nte
114 574 239 634 solis
275 575 577 638 exaestuant
600 622 615 647 ‚
652 578 871 640 Indiam
900 583 1053 642 nives
1086 584 1368 647 obruant:

21 677 240 736 rsusque
271 657 367 715 ubi
389 678 570 717 cetera
599 661 780 741 rigent
803 706 817 729 ,
849 663 959 722 illic
985 665 1369 735 intolerandus

24 735 104 797 {us
130 736 339 797 existat.
364 739 487 799 Nec
516 762 614 799 cur
630 784 646 811 ,
674 742 772 802 ulli
795 742 847 801 se
871 764 1080 804 naturae
1106 770 1267 808 causa
1289 751 1377 808 in·-

26 819 132 878 ssit.
177 819 336 879 Mare
381 840 570 890 certe,
611 844 725 903 quo
772 824 1030 896 alluitur,
1069 849 1138 887 ne
1175 830 1368 891 colore

30 897 173 962 idem
210 901 471 960 abhorret
501 924 530 960 a
557 908 778 964 ceteris,
814 905 911 964 Ab
945 908 1187 990 Erythra
1207 910 1367 993 Rege

30 979 180 1040 [itum
216 980 290 1042 est
321 1004 563 1041 nornen:
604 1006 833 1064 propter
868 988 1024 1066 quod
1057 993 1235 1071 ignari
1271 1016 1370 1052 ru·-

33 1082 77 1121 .⁴e
115 1084 285 1142 aquas
331 1062 586 1122 credunt.
635 1066 810 1126 Terra
851 1067 948 1127 lini
989 1068 1182 1146 ferax3
1219 1075 1367 1137 unde

41 1143 219 1223 risque
262 1141 386 1202 sunt
421 1144 613 1204 vestes·
648 1146 808 1207 Libri
844 1149 1108 1211 arborum
1148 1158 1366 1222 teneri,

37 1223 90 1283 td
126 1224 278 1284 secus
321 1247 485 1306 quam
524 1227 727 1287 chartae
763 1229 1046 1292 literarum
1073 1254 1232 1294 notas
1269 1259 1368 1297 ca-

45 1324 121 1363 nt.
158 1305 315 1364 Aves
341 1304 410 1364 ad
447 1308 776 1369 imitandum
815 1311 1066 1374 humanae
1096 1323 1251 1378 vocis
1277 1318 1364 1381 so·

38 1409 75 1448 n
111 1385 320 1446 dociles
363 1385 506 1446 sunt.
548 1390 824 1451 Animalia
866 1398 1125 1456 inusitata
1160 1407 1361 1462 ceteris

41 1465 200 1528 {tibus
221 1512 236 1536 ,
271 1469 370 1530 nisi
399 1470 634 1530 inveeta.
666 1472 879 1534 Eadem
903 1495 1045 1536 terra
1074 1481 1134 1537 &
1168 1481 1360 1541 rhino-

43 1566 156 1607 otas
191 1550 286 1609 alit
308 1592 323 1617 ,
362 1571 473 1609 non
498 1574 743 1631 generat>
775 1554 1216 1634 Elephantorum
1248 1587 1363 1623 ma-

50 1627 123 1689 est
146 1634 227 1689 vis
250 1673 265 1698 ,
292 1652 456 1710 quam
484 1654 623 1712 quos
646 1635 699 1691 in
726 1634 920 1698 Africa
947 1639 1262 1714 domitant3
1299 1649 1360 1705 δε

45 1708 146 1769 bus
169 1713 495 1791 magnitudo
522 1716 844 1794 respondet.
879 1718 1100 1780 Aurum
1129 1721 1359 1786 flumina

55 1810 150 1850 unt
185 1834 200 1861 ‚
248 1814 371 1873 quae
419 1793 530 1855 leni
577 1796 916 1878 modicoque
961 1801 1115 1881 lapsu
1166 1803 1359 1885 segnes

55 1892 107 1930 as
142 1871 376 1932 ducunt.
422 1877 687 1936 Gemmas
731 1888 1162 1963 margaritasque
1210 1909 1360 1953 mare

53 1954 217 2012 >ribus
243 1954 502 2015 infundit.
528 1958 731 2038 Neque
762 1962 862 2019 alia
888 1961 992 2021 illis
1022 1968 1196 2043 major
1222 1973 1358 2049 op‘u-

55 2037 122 2092 :iae
163 2056 325 2094 causa
363 2036 437 2095 est
475 2059 486 2094 :
527 2041 720 2118 utique
762 2039 1053 2121 postquam
1091 2048 1353 2113 vitiorum

57 2121 336 2174 {mercium
389 2117 691 2196 vulgavere
734 2121 788 2178 in
840 2143 1053 2182 exteras
1105 2149 1300 2210 gentes
1337 2152 1355 2189 ε

59 2216 145 2274 Jpe
171 2195 503 2268 aestimantur
533 2222 896 2280 purgamenta
921 2203 1194 2274 aestuantis
1226 2209 1355 2272 freti

61 2281 122 2336 :io
140 2279 306 2356 -quod
333 2279 506 2337 libido
531 2281 836 2343 constituit.

63 2360 249 2436 ngenia
278 2359 562 2420 hominum
591 2365 735 2422 sicut
761 2364 969 2445 ubique
988 2410 1004 2436 ,
1043 2370 1192 2447 apud
1226 2372 1354 2449 illos·

0 2498 4 2505 ,
29 2504 35 2519 ἵ
65 2445 193 2496 ›rum'
225 2462 449 2521 quoque
486 2443 620 2502 situs
648 2443 870 2506 format.
894 2447 1155 2529 Corpora
1176 2475 1359 2534 usque-

35 2581 40 2588 ,
67 2537 109 2574 es
130 2521 356 2581 carbaso
379 2521 599 2585 velant:
625 2524 782 2585 soleis
806 2527 976 2606 pedes
996 2572 1012 2598 ,
1048 2534 1226 2611 capita
1248 2537 1352 2594 lin-

1 2592 329 2661 !eivinciunt.
355 2601 559 2681 Lapilli
580 2627 648 2664 ex
673 2609 895 2666 auribus
924 2612 1204 2688 pendent3
1230 2615 1354 2676 bra-

0 2671 59 2769 ²⁹:¹³¹
97 2701 317 2768 quoque
357 2687 415 2746 &
449 2684 686 2751 lacertos
715 2710 860 2751 auro·
877 2690 1111 2762 colunt,
1150 2697 1353 2773 quibus

1091 2790 1187 2861 Qij
