<?xml version="1.0" encoding="UTF-8"?>
<!DOCTYPE html PUBLIC "-//W3C//DTD XHTML 1.0 Transitional//EN"
    "http://www.w3.org/TR/xhtml1/DTD/xhtml1-transitional.dtd">
<html xmlns="http://www.w3.org/1999/xhtml" xml:lang="en" lang="en">
 <head>
  <title>
</title>
<meta http-equiv="Content-Type" content="text/html;charset=utf-8" />
  <meta name='ocr-system' content='tesseract 3.04.00' />
  <meta name='ocr-capabilities' content='ocr_page ocr_carea ocr_par ocr_line ocrx_word'/>
</head>
<body>
  <div class='ocr_page' id='page_1' title='image "./histoiredalexand02curt_0426.png"; bbox 0 0 1690 3067; ppageno 0'>
   <div class='ocr_carea' id='block_1_1' title="bbox 249 96 1690 2802">
    <p class='ocr_par' dir='ltr' id='par_1_1' title="bbox 249 96 1640 1005">
     <span class='ocr_line' id='line_1_1' title="bbox 250 96 1424 165; baseline 0.01 -23"><span class='ocrx_word' id='word_1_1' title='bbox 250 96 349 155; x_wconf 78' lang='lat'>416</span> <span class='ocrx_word' id='word_1_2' title='bbox 524 100 1424 165; x_wconf 76' lang='lat' dir='ltr'><em>QUINTE-CURCE,</em></span> 
     </span>
     <span class='ocr_line' id='line_1_2' title="bbox 249 181 1640 267; baseline 0.009 -28"><span class='ocrx_word' id='word_1_3' title='bbox 249 182 455 261; x_wconf 77' lang='lat' dir='ltr'>apertis</span> <span class='ocrx_word' id='word_1_4' title='bbox 481 184 685 264; x_wconf 54' lang='lat' dir='ltr'>‘portis</span> <span class='ocrx_word' id='word_1_5' title='bbox 741 181 953 243; x_wconf 85' lang='lat' dir='ltr'>hostem</span> <span class='ocrx_word' id='word_1_6' title='bbox 1006 189 1307 267; x_wconf 78' lang='lat' dir='ltr'>recipiunt.</span> <span class='ocrx_word' id='word_1_7' title='bbox 1353 189 1640 252; x_wconf 69' lang='lat' dir='ltr'>Alexand&lt;</span> 
     </span>
     <span class='ocr_line' id='line_1_3' title="bbox 252 263 1640 350; baseline 0.008 -30"><span class='ocrx_word' id='word_1_8' title='bbox 252 285 573 344; x_wconf 80' lang='lat' dir='ltr'>quanquam</span> <span class='ocrx_word' id='word_1_9' title='bbox 604 263 736 324; x_wconf 88' lang='lat' dir='ltr'>belli</span> <span class='ocrx_word' id='word_1_10' title='bbox 760 266 1079 327; x_wconf 62' lang='lat' dir='ltr'>audioribus</span> <span class='ocrx_word' id='word_1_11' title='bbox 1103 272 1220 346; x_wconf 81' lang='lat' dir='ltr'>jure</span> <span class='ocrx_word' id='word_1_12' title='bbox 1246 289 1468 350; x_wconf 88' lang='lat' dir='ltr'>poterat</span> <span class='ocrx_word' id='word_1_13' title='bbox 1489 274 1640 334; x_wconf 78' lang='lat' dir='ltr'>irasci</span> 
     </span>
     <span class='ocr_line' id='line_1_4' title="bbox 256 346 1640 436; baseline 0.007 -32"><span class='ocrx_word' id='word_1_14' title='bbox 256 366 440 405; x_wconf 75' lang='lat' dir='ltr'>tamen</span> <span class='ocrx_word' id='word_1_15' title='bbox 463 346 719 406; x_wconf 84' lang='lat' dir='ltr'>omnibus</span> <span class='ocrx_word' id='word_1_16' title='bbox 738 350 897 407; x_wconf 86' lang='lat' dir='ltr'>venia</span> <span class='ocrx_word' id='word_1_17' title='bbox 915 347 1043 408; x_wconf 87' lang='lat' dir='ltr'>data</span> <span class='ocrx_word' id='word_1_18' title='bbox 1059 393 1074 419; x_wconf 83' lang='lat'>‚</span> <span class='ocrx_word' id='word_1_19' title='bbox 1093 355 1150 410; x_wconf 68' lang='grc' dir='ltr'>δε</span> <span class='ocrx_word' id='word_1_20' title='bbox 1173 351 1464 412; x_wconf 72' lang='lat' dir='ltr'>obsidibus</span> <span class='ocrx_word' id='word_1_21' title='bbox 1485 377 1640 436; x_wconf 60' lang='lat' dir='ltr'>acce}</span> 
     </span>
     <span class='ocr_line' id='line_1_5' title="bbox 254 428 1640 508; baseline 0.009 -23"><span class='ocrx_word' id='word_1_22' title='bbox 254 433 322 485; x_wconf 75' lang='lat' dir='ltr'>tis</span> <span class='ocrx_word' id='word_1_23' title='bbox 346 472 361 497; x_wconf 84' lang='lat'>‚</span> <span class='ocrx_word' id='word_1_24' title='bbox 401 428 470 488; x_wconf 89' lang='lat' dir='ltr'>ad</span> <span class='ocrx_word' id='word_1_25' title='bbox 491 430 803 508; x_wconf 81' lang='lat' dir='ltr'>proximam</span> <span class='ocrx_word' id='word_1_26' title='bbox 836 429 1039 491; x_wconf 88' lang='lat' dir='ltr'>deinde</span> <span class='ocrx_word' id='word_1_27' title='bbox 1063 433 1261 503; x_wconf 73' lang='lat' dir='ltr'>urbem</span> <span class='ocrx_word' id='word_1_28' title='bbox 1285 432 1453 495; x_wconf 87' lang='lat' dir='ltr'>castra</span> <span class='ocrx_word' id='word_1_29' title='bbox 1479 442 1640 497; x_wconf 85' lang='lat' dir='ltr'>movi·</span> 
     </span>
     <span class='ocr_line' id='line_1_6' title="bbox 255 509 1627 597; baseline 0.007 -28"><span class='ocrx_word' id='word_1_30' title='bbox 255 509 504 569; x_wconf 80' lang='lat' dir='ltr'>Obsides</span> <span class='ocrx_word' id='word_1_31' title='bbox 533 509 885 571; x_wconf 81' lang='lat' dir='ltr'>ducebantur</span> <span class='ocrx_word' id='word_1_32' title='bbox 916 533 1043 573; x_wconf 86' lang='lat' dir='ltr'>ante</span> <span class='ocrx_word' id='word_1_33' title='bbox 1072 537 1306 596; x_wconf 81' lang='lat' dir='ltr'>agmen3</span> <span class='ocrx_word' id='word_1_34' title='bbox 1339 539 1478 597; x_wconf 83' lang='lat' dir='ltr'>quos</span> <span class='ocrx_word' id='word_1_35' title='bbox 1500 541 1627 578; x_wconf 88' lang='lat' dir='ltr'>curn</span> 
     </span>
     <span class='ocr_line' id='line_1_7' title="bbox 254 594 1637 678; baseline 0.007 -29"><span class='ocrx_word' id='word_1_36' title='bbox 254 597 424 651; x_wconf 77' lang='lat' dir='ltr'>muris</span> <span class='ocrx_word' id='word_1_37' title='bbox 455 594 812 672; x_wconf 80' lang='lat' dir='ltr'>agnovissent</span> <span class='ocrx_word' id='word_1_38' title='bbox 832 637 849 663; x_wconf 93' lang='lat'>‚</span> <span class='ocrx_word' id='word_1_39' title='bbox 882 615 1081 675; x_wconf 85' lang='lat' dir='ltr'>utpote</span> <span class='ocrx_word' id='word_1_40' title='bbox 1105 599 1285 677; x_wconf 79' lang='lat' dir='ltr'>gentis</span> <span class='ocrx_word' id='word_1_41' title='bbox 1314 599 1594 678; x_wconf 81' lang='lat' dir='ltr'>ejusdem,</span> <span class='ocrx_word' id='word_1_42' title='bbox 1621 601 1637 658; x_wconf 85' lang='lat' dir='ltr'>i</span> 
     </span>
     <span class='ocr_line' id='line_1_8' title="bbox 253 673 1640 754; baseline 0.006 -22"><span class='ocrx_word' id='word_1_43' title='bbox 253 673 605 754; x_wconf 77' lang='lat' dir='ltr'>colloquium</span> <span class='ocrx_word' id='word_1_44' title='bbox 654 696 1133 737; x_wconf 88' lang='lat' dir='ltr'>convocaverunt.</span> <span class='ocrx_word' id='word_1_45' title='bbox 1190 679 1284 738; x_wconf 90' lang='lat' dir='ltr'>Illi</span> <span class='ocrx_word' id='word_1_46' title='bbox 1331 681 1640 742; x_wconf 76' lang='lat' dir='ltr'>clementiar</span> 
     </span>
     <span class='ocr_line' id='line_1_9' title="bbox 255 758 1636 836; baseline 0.007 -22"><span class='ocrx_word' id='word_1_47' title='bbox 255 760 401 835; x_wconf 76' lang='lat' dir='ltr'>regis</span> <span class='ocrx_word' id='word_1_48' title='bbox 422 758 697 836; x_wconf 88' lang='lat' dir='ltr'>simulque</span> <span class='ocrx_word' id='word_1_49' title='bbox 722 758 836 818; x_wconf 90' lang='lat' dir='ltr'>vim</span> <span class='ocrx_word' id='word_1_50' title='bbox 867 762 1361 822; x_wconf 87' lang='lat' dir='ltr'>commemorando</span> <span class='ocrx_word' id='word_1_51' title='bbox 1382 807 1399 833; x_wconf 85' lang='lat'>‚</span> <span class='ocrx_word' id='word_1_52' title='bbox 1433 764 1504 823; x_wconf 87' lang='lat' dir='ltr'>ad</span> <span class='ocrx_word' id='word_1_53' title='bbox 1530 763 1636 824; x_wconf 81' lang='lat' dir='ltr'>ded</span> 
     </span>
     <span class='ocr_line' id='line_1_10' title="bbox 255 839 1640 924; baseline 0.006 -29"><span class='ocrx_word' id='word_1_54' title='bbox 255 839 468 896; x_wconf 81' lang='lat' dir='ltr'>tionem</span> <span class='ocrx_word' id='word_1_55' title='bbox 497 860 593 897; x_wconf 84' lang='lat' dir='ltr'>eos</span> <span class='ocrx_word' id='word_1_56' title='bbox 626 840 946 918; x_wconf 86' lang='lat' dir='ltr'>compulere</span> <span class='ocrx_word' id='word_1_57' title='bbox 969 886 985 911; x_wconf 85' lang='lat'>‚</span> <span class='ocrx_word' id='word_1_58' title='bbox 1031 862 1357 924; x_wconf 86' lang='lat' dir='ltr'>ceterasque</span> <span class='ocrx_word' id='word_1_59' title='bbox 1399 845 1567 907; x_wconf 86' lang='lat' dir='ltr'>urbes</span> <span class='ocrx_word' id='word_1_60' title='bbox 1608 847 1640 905; x_wconf 74' lang='lat' dir='ltr'>s?</span> 
     </span>
     <span class='ocr_line' id='line_1_11' title="bbox 260 920 1353 1005; baseline 0.006 -27"><span class='ocrx_word' id='word_1_61' title='bbox 260 920 374 978; x_wconf 80' lang='lat' dir='ltr'>mili</span> <span class='ocrx_word' id='word_1_62' title='bbox 398 920 571 979; x_wconf 86' lang='lat' dir='ltr'>modo</span> <span class='ocrx_word' id='word_1_63' title='bbox 600 920 816 981; x_wconf 85' lang='lat' dir='ltr'>deditas</span> <span class='ocrx_word' id='word_1_64' title='bbox 839 928 892 983; x_wconf 86' lang='lat' dir='ltr'>in</span> <span class='ocrx_word' id='word_1_65' title='bbox 920 921 1089 983; x_wconf 82' lang='lat' dir='ltr'>fidem</span> <span class='ocrx_word' id='word_1_66' title='bbox 1114 931 1353 1005; x_wconf 87' lang='lat' dir='ltr'>accepit.</span> 
     </span>
    </p>

    <p class='ocr_par' dir='ltr' id='par_1_2' title="bbox 251 1002 1690 2802">
     <span class='ocr_line' id='line_1_12' title="bbox 345 1002 1642 1086; baseline 0.003 -26"><span class='ocrx_word' id='word_1_67' title='bbox 345 1002 498 1061; x_wconf 89' lang='lat' dir='ltr'>Hinc</span> <span class='ocrx_word' id='word_1_68' title='bbox 536 1004 589 1060; x_wconf 89' lang='lat' dir='ltr'>in</span> <span class='ocrx_word' id='word_1_69' title='bbox 636 1025 870 1083; x_wconf 83' lang='lat' dir='ltr'>regnum</span> <span class='ocrx_word' id='word_1_70' title='bbox 912 1007 1158 1086; x_wconf 80' lang='lat' dir='ltr'>Sophitis</span> <span class='ocrx_word' id='word_1_71' title='bbox 1203 1027 1537 1086; x_wconf 87' lang='lat' dir='ltr'>perventum</span> <span class='ocrx_word' id='word_1_72' title='bbox 1580 1004 1642 1065; x_wconf 71' lang='lat' dir='ltr'>esi</span> 
     </span>
     <span class='ocr_line' id='line_1_13' title="bbox 259 1084 1641 1169; baseline 0.004 -28"><span class='ocrx_word' id='word_1_73' title='bbox 259 1084 414 1142; x_wconf 75' lang='lat' dir='ltr'>Gens</span> <span class='ocrx_word' id='word_1_74' title='bbox 430 1127 445 1152; x_wconf 86' lang='lat'>‚</span> <span class='ocrx_word' id='word_1_75' title='bbox 478 1103 542 1143; x_wconf 90' lang='lat' dir='ltr'>ut</span> <span class='ocrx_word' id='word_1_76' title='bbox 567 1084 815 1155; x_wconf 84' lang='lat' dir='ltr'>barbari,</span> <span class='ocrx_word' id='word_1_77' title='bbox 841 1085 1104 1169; x_wconf 75' lang='lat' dir='ltr'>sapientia</span> <span class='ocrx_word' id='word_1_78' title='bbox 1127 1089 1381 1159; x_wconf 81' lang='lat' dir='ltr'>excellit,</span> <span class='ocrx_word' id='word_1_79' title='bbox 1404 1089 1641 1169; x_wconf 87' lang='lat' dir='ltr'>bonisqu</span> 
     </span>
     <span class='ocr_line' id='line_1_14' title="bbox 256 1166 1642 1251; baseline 0.004 -29"><span class='ocrx_word' id='word_1_80' title='bbox 256 1166 507 1225; x_wconf 79' lang='lat' dir='ltr'>moribus</span> <span class='ocrx_word' id='word_1_81' title='bbox 546 1168 778 1248; x_wconf 81' lang='lat' dir='ltr'>regitur.</span> <span class='ocrx_word' id='word_1_82' title='bbox 821 1170 1059 1229; x_wconf 87' lang='lat' dir='ltr'>Genitos</span> <span class='ocrx_word' id='word_1_83' title='bbox 1092 1170 1447 1230; x_wconf 81' lang='lat' dir='ltr'>liberosnon</span> <span class='ocrx_word' id='word_1_84' title='bbox 1483 1191 1642 1251; x_wconf 83' lang='lat' dir='ltr'>paren</span> 
     </span>
     <span class='ocr_line' id='line_1_15' title="bbox 258 1247 1634 1332; baseline 0.005 -29"><span class='ocrx_word' id='word_1_85' title='bbox 258 1267 378 1304; x_wconf 77' lang='lat' dir='ltr'>tum</span> <span class='ocrx_word' id='word_1_86' title='bbox 402 1247 630 1308; x_wconf 88' lang='lat' dir='ltr'>arbitrio</span> <span class='ocrx_word' id='word_1_87' title='bbox 654 1247 864 1308; x_wconf 85' lang='lat' dir='ltr'>tollunt</span> <span class='ocrx_word' id='word_1_88' title='bbox 894 1250 1198 1330; x_wconf 70' lang='lat' dir='ltr'>aiuntqueg,</span> <span class='ocrx_word' id='word_1_89' title='bbox 1229 1251 1322 1311; x_wconf 82' lang='lat' dir='ltr'>sed</span> <span class='ocrx_word' id='word_1_90' title='bbox 1348 1275 1541 1312; x_wconf 86' lang='lat' dir='ltr'>eorum</span> <span class='ocrx_word' id='word_1_91' title='bbox 1564 1275 1634 1332; x_wconf 91' lang='lat' dir='ltr'>qu</span> 
     </span>
     <span class='ocr_line' id='line_1_16' title="bbox 261 1327 1644 1409; baseline 0.004 -23"><span class='ocrx_word' id='word_1_92' title='bbox 261 1327 362 1387; x_wconf 82' lang='lat' dir='ltr'>bus</span> <span class='ocrx_word' id='word_1_93' title='bbox 402 1328 683 1409; x_wconf 61' lang='lat' dir='ltr'>speciandi</span> <span class='ocrx_word' id='word_1_94' title='bbox 726 1328 1017 1390; x_wconf 83' lang='lat' dir='ltr'>infantium</span> <span class='ocrx_word' id='word_1_95' title='bbox 1057 1332 1310 1393; x_wconf 86' lang='lat' dir='ltr'>habitum</span> <span class='ocrx_word' id='word_1_96' title='bbox 1357 1356 1488 1394; x_wconf 86' lang='lat' dir='ltr'>cura</span> <span class='ocrx_word' id='word_1_97' title='bbox 1524 1356 1644 1394; x_wconf 86' lang='lat' dir='ltr'>man</span> 
     </span>
     <span class='ocr_line' id='line_1_17' title="bbox 254 1410 1644 1496; baseline 0.004 -27"><span class='ocrx_word' id='word_1_98' title='bbox 254 1410 387 1469; x_wconf 80' lang='lat' dir='ltr'>data</span> <span class='ocrx_word' id='word_1_99' title='bbox 414 1410 509 1470; x_wconf 84' lang='lat' dir='ltr'>est.</span> <span class='ocrx_word' id='word_1_100' title='bbox 547 1412 606 1470; x_wconf 77' lang='lat' dir='ltr'>Si</span> <span class='ocrx_word' id='word_1_101' title='bbox 639 1433 779 1494; x_wconf 83' lang='lat' dir='ltr'>quos</span> <span class='ocrx_word' id='word_1_102' title='bbox 803 1414 1042 1495; x_wconf 84' lang='lat' dir='ltr'>insignes</span> <span class='ocrx_word' id='word_1_103' title='bbox 1075 1434 1167 1473; x_wconf 88' lang='lat' dir='ltr'>aut</span> <span class='ocrx_word' id='word_1_104' title='bbox 1192 1416 1374 1496; x_wconf 84' lang='lat' dir='ltr'>aliqua</span> <span class='ocrx_word' id='word_1_105' title='bbox 1398 1415 1644 1475; x_wconf 84' lang='lat' dir='ltr'>membro</span> 
     </span>
     <span class='ocr_line' id='line_1_18' title="bbox 257 1493 1646 1578; baseline 0.005 -28"><span class='ocrx_word' id='word_1_106' title='bbox 257 1515 378 1550; x_wconf 86' lang='lat' dir='ltr'>rum</span> <span class='ocrx_word' id='word_1_107' title='bbox 405 1513 562 1573; x_wconf 84' lang='lat' dir='ltr'>parte</span> <span class='ocrx_word' id='word_1_108' title='bbox 596 1493 817 1554; x_wconf 88' lang='lat' dir='ltr'>inutiles</span> <span class='ocrx_word' id='word_1_109' title='bbox 847 1516 1189 1557; x_wconf 87' lang='lat' dir='ltr'>notaverunt</span> <span class='ocrx_word' id='word_1_110' title='bbox 1210 1540 1228 1566; x_wconf 85' lang='lat'><strong><em>,</em></strong></span> <span class='ocrx_word' id='word_1_111' title='bbox 1257 1497 1646 1578; x_wconf 84' lang='lat' dir='ltr'>necarijubem</span> 
     </span>
     <span class='ocr_line' id='line_1_19' title="bbox 255 1575 1651 1660; baseline 0.004 -27"><span class='ocrx_word' id='word_1_112' title='bbox 255 1575 487 1654; x_wconf 81' lang='lat' dir='ltr'>Nuptiis</span> <span class='ocrx_word' id='word_1_113' title='bbox 513 1580 753 1646; x_wconf 68' lang='lat' dir='ltr'>coeunt,</span> <span class='ocrx_word' id='word_1_114' title='bbox 783 1599 894 1637; x_wconf 89' lang='lat' dir='ltr'>non</span> <span class='ocrx_word' id='word_1_115' title='bbox 918 1600 1120 1660; x_wconf 82' lang='lat' dir='ltr'>genere</span> <span class='ocrx_word' id='word_1_116' title='bbox 1150 1601 1212 1639; x_wconf 88' lang='lat' dir='ltr'>ac</span> <span class='ocrx_word' id='word_1_117' title='bbox 1233 1580 1524 1640; x_wconf 87' lang='lat' dir='ltr'>nobilitate</span> <span class='ocrx_word' id='word_1_118' title='bbox 1549 1601 1651 1640; x_wconf 85' lang='lat' dir='ltr'>con</span> 
     </span>
     <span class='ocr_line' id='line_1_20' title="bbox 254 1657 1656 1743; baseline 0.003 -29"><span class='ocrx_word' id='word_1_119' title='bbox 254 1659 454 1735; x_wconf 59' lang='lat' dir='ltr'>junciis</span> <span class='ocrx_word' id='word_1_120' title='bbox 475 1703 489 1726; x_wconf 87' lang='lat'>,</span> <span class='ocrx_word' id='word_1_121' title='bbox 521 1657 614 1719; x_wconf 89' lang='lat' dir='ltr'>sed</span> <span class='ocrx_word' id='word_1_122' title='bbox 640 1659 811 1719; x_wconf 65' lang='lat' dir='ltr'>ele&amp;a</span> <span class='ocrx_word' id='word_1_123' title='bbox 838 1682 1141 1741; x_wconf 85' lang='lat' dir='ltr'>corporum</span> <span class='ocrx_word' id='word_1_124' title='bbox 1176 1660 1395 1742; x_wconf 81' lang='lat' dir='ltr'>specie3</span> <span class='ocrx_word' id='word_1_125' title='bbox 1427 1663 1552 1743; x_wconf 87' lang='lat' dir='ltr'>quia</span> <span class='ocrx_word' id='word_1_126' title='bbox 1583 1683 1656 1722; x_wconf 51' lang='lat' dir='ltr'>eat</span> 
     </span>
     <span class='ocr_line' id='line_1_21' title="bbox 253 1739 1652 1825; baseline 0.004 -26"><span class='ocrx_word' id='word_1_127' title='bbox 253 1739 385 1799; x_wconf 87' lang='lat' dir='ltr'>dem</span> <span class='ocrx_word' id='word_1_128' title='bbox 417 1739 713 1801; x_wconf 83' lang='lat' dir='ltr'>aestimatur</span> <span class='ocrx_word' id='word_1_129' title='bbox 744 1743 797 1800; x_wconf 89' lang='lat' dir='ltr'>in</span> <span class='ocrx_word' id='word_1_130' title='bbox 832 1742 1038 1803; x_wconf 76' lang='lat' dir='ltr'>liberis·</span> <span class='ocrx_word' id='word_1_131' title='bbox 1076 1743 1265 1824; x_wconf 79' lang='lat' dir='ltr'>Hujus</span> <span class='ocrx_word' id='word_1_132' title='bbox 1298 1747 1479 1825; x_wconf 87' lang='lat' dir='ltr'>gentis</span> <span class='ocrx_word' id='word_1_133' title='bbox 1515 1747 1652 1825; x_wconf 81' lang='lat' dir='ltr'>oppi-</span> 
     </span>
     <span class='ocr_line' id='line_1_22' title="bbox 251 1821 1650 1906; baseline 0.002 -25"><span class='ocrx_word' id='word_1_134' title='bbox 251 1821 419 1891; x_wconf 81' lang='lat' dir='ltr'>dum,</span> <span class='ocrx_word' id='word_1_135' title='bbox 444 1824 533 1882; x_wconf 88' lang='lat' dir='ltr'>cui</span> <span class='ocrx_word' id='word_1_136' title='bbox 557 1822 883 1884; x_wconf 79' lang='lat' dir='ltr'>Alexander</span> <span class='ocrx_word' id='word_1_137' title='bbox 906 1824 1231 1886; x_wconf 84' lang='lat' dir='ltr'>admoverat</span> <span class='ocrx_word' id='word_1_138' title='bbox 1253 1828 1443 1906; x_wconf 88' lang='lat' dir='ltr'>copias</span> <span class='ocrx_word' id='word_1_139' title='bbox 1462 1870 1479 1897; x_wconf 88' lang='lat'>‚</span> <span class='ocrx_word' id='word_1_140' title='bbox 1504 1826 1572 1886; x_wconf 90' lang='lat' dir='ltr'>ab</span> <span class='ocrx_word' id='word_1_141' title='bbox 1593 1829 1650 1906; x_wconf 53' lang='lat' dir='ltr'>ip»</span> 
     </span>
     <span class='ocr_line' id='line_1_23' title="bbox 253 1901 1634 1988; baseline 0.005 -29"><span class='ocrx_word' id='word_1_142' title='bbox 253 1901 315 1961; x_wconf 91' lang='lat' dir='ltr'>so</span> <span class='ocrx_word' id='word_1_143' title='bbox 347 1904 583 1984; x_wconf 75' lang='lat' dir='ltr'>Sophite</span> <span class='ocrx_word' id='word_1_144' title='bbox 610 1904 991 1965; x_wconf 72' lang='lat' dir='ltr'>obtinebatur.</span> <span class='ocrx_word' id='word_1_145' title='bbox 1025 1906 1247 1967; x_wconf 81' lang='lat' dir='ltr'>Clausae</span> <span class='ocrx_word' id='word_1_146' title='bbox 1279 1928 1435 1968; x_wconf 85' lang='lat' dir='ltr'>erant</span> <span class='ocrx_word' id='word_1_147' title='bbox 1462 1926 1634 1988; x_wconf 87' lang='lat' dir='ltr'>portae</span> 
     </span>
     <span class='ocr_line' id='line_1_24' title="bbox 254 1983 1655 2070; baseline 0.003 -27"><span class='ocrx_word' id='word_1_148' title='bbox 254 1983 352 2044; x_wconf 87' lang='lat' dir='ltr'>sed</span> <span class='ocrx_word' id='word_1_149' title='bbox 384 1988 520 2045; x_wconf 84' lang='lat' dir='ltr'>nulli</span> <span class='ocrx_word' id='word_1_150' title='bbox 551 1988 605 2044; x_wconf 88' lang='lat' dir='ltr'>in</span> <span class='ocrx_word' id='word_1_151' title='bbox 630 1988 798 2045; x_wconf 88' lang='lat' dir='ltr'>muris</span> <span class='ocrx_word' id='word_1_152' title='bbox 822 1987 1180 2070; x_wconf 84' lang='lat' dir='ltr'>turribusque</span> <span class='ocrx_word' id='word_1_153' title='bbox 1205 1988 1256 2049; x_wconf 93' lang='lat' dir='ltr'>se</span> <span class='ocrx_word' id='word_1_154' title='bbox 1283 1992 1477 2050; x_wconf 88' lang='lat' dir='ltr'>armati</span> <span class='ocrx_word' id='word_1_155' title='bbox 1502 1987 1655 2048; x_wconf 43' lang='lat' dir='ltr'>ostenl</span> 
     </span>
     <span class='ocr_line' id='line_1_25' title="bbox 255 2065 1655 2150; baseline 0.003 -26"><span class='ocrx_word' id='word_1_156' title='bbox 255 2065 499 2126; x_wconf 80' lang='lat' dir='ltr'>debant:</span> <span class='ocrx_word' id='word_1_157' title='bbox 528 2068 975 2150; x_wconf 84' lang='lat' dir='ltr'>dubitabantque</span> <span class='ocrx_word' id='word_1_158' title='bbox 1001 2070 1348 2131; x_wconf 84' lang='lat' dir='ltr'>Macedones</span> <span class='ocrx_word' id='word_1_159' title='bbox 1367 2115 1383 2140; x_wconf 84' lang='lat'>‚</span> <span class='ocrx_word' id='word_1_160' title='bbox 1412 2066 1655 2131; x_wconf 69' lang='lat' dir='ltr'>deseruifi</span> 
     </span>
     <span class='ocr_line' id='line_1_26' title="bbox 259 2146 1654 2221; baseline 0.004 -15"><span class='ocrx_word' id='word_1_161' title='bbox 259 2146 453 2208; x_wconf 84' lang='lat' dir='ltr'>sentne</span> <span class='ocrx_word' id='word_1_162' title='bbox 494 2149 688 2209; x_wconf 88' lang='lat' dir='ltr'>urbem</span> <span class='ocrx_word' id='word_1_163' title='bbox 725 2151 924 2210; x_wconf 84' lang='lat' dir='ltr'>incolae</span> <span class='ocrx_word' id='word_1_164' title='bbox 949 2195 965 2221; x_wconf 87' lang='lat'>‚</span> <span class='ocrx_word' id='word_1_165' title='bbox 1016 2173 1086 2211; x_wconf 87' lang='lat' dir='ltr'>an</span> <span class='ocrx_word' id='word_1_166' title='bbox 1123 2151 1318 2212; x_wconf 86' lang='lat' dir='ltr'>fraude</span> <span class='ocrx_word' id='word_1_167' title='bbox 1356 2151 1410 2213; x_wconf 89' lang='lat' dir='ltr'>se</span> <span class='ocrx_word' id='word_1_168' title='bbox 1454 2151 1654 2212; x_wconf 90' lang='lat' dir='ltr'>occule·</span> 
     </span>
     <span class='ocr_line' id='line_1_27' title="bbox 256 2231 1659 2314; baseline 0.002 -26"><span class='ocrx_word' id='word_1_169' title='bbox 256 2250 382 2289; x_wconf 87' lang='lat' dir='ltr'>rent</span> <span class='ocrx_word' id='word_1_170' title='bbox 419 2251 433 2288; x_wconf 72' lang='grc' dir='ltr'><em>τ</em></span> <span class='ocrx_word' id='word_1_171' title='bbox 477 2253 605 2290; x_wconf 85' lang='lat' dir='ltr'>cum</span> <span class='ocrx_word' id='word_1_172' title='bbox 649 2231 833 2292; x_wconf 90' lang='lat' dir='ltr'>subito</span> <span class='ocrx_word' id='word_1_173' title='bbox 878 2232 1153 2312; x_wconf 62' lang='lat' dir='ltr'>patefadia</span> <span class='ocrx_word' id='word_1_174' title='bbox 1195 2255 1358 2314; x_wconf 85' lang='lat' dir='ltr'>porta</span> <span class='ocrx_word' id='word_1_175' title='bbox 1383 2277 1401 2304; x_wconf 85' lang='lat'><strong>,</strong></span> <span class='ocrx_word' id='word_1_176' title='bbox 1444 2257 1544 2295; x_wconf 82' lang='lat' dir='ltr'>rex</span> <span class='ocrx_word' id='word_1_177' title='bbox 1576 2232 1659 2292; x_wconf 89' lang='lat' dir='ltr'>In·-</span> 
     </span>
     <span class='ocr_line' id='line_1_28' title="bbox 257 2310 1667 2387; baseline 0.002 -18"><span class='ocrx_word' id='word_1_178' title='bbox 257 2310 363 2370; x_wconf 90' lang='lat' dir='ltr'>dus</span> <span class='ocrx_word' id='word_1_179' title='bbox 399 2334 527 2371; x_wconf 88' lang='lat' dir='ltr'>cum</span> <span class='ocrx_word' id='word_1_180' title='bbox 559 2312 783 2374; x_wconf 88' lang='lat' dir='ltr'>duobus</span> <span class='ocrx_word' id='word_1_181' title='bbox 822 2314 1024 2373; x_wconf 87' lang='lat' dir='ltr'>adultis</span> <span class='ocrx_word' id='word_1_182' title='bbox 1059 2314 1186 2373; x_wconf 85' lang='lat' dir='ltr'>filiis</span> <span class='ocrx_word' id='word_1_183' title='bbox 1217 2317 1464 2376; x_wconf 90' lang='lat' dir='ltr'>occurrit</span> <span class='ocrx_word' id='word_1_184' title='bbox 1488 2359 1505 2387; x_wconf 86' lang='lat'>,</span> <span class='ocrx_word' id='word_1_185' title='bbox 1541 2314 1667 2374; x_wconf 63' lang='lat' dir='ltr'>mub</span> 
     </span>
     <span class='ocr_line' id='line_1_29' title="bbox 256 2394 1672 2475; baseline 0.004 -24"><span class='ocrx_word' id='word_1_186' title='bbox 256 2413 377 2452; x_wconf 90' lang='lat' dir='ltr'>tum</span> <span class='ocrx_word' id='word_1_187' title='bbox 423 2394 565 2453; x_wconf 89' lang='lat' dir='ltr'>inter</span> <span class='ocrx_word' id='word_1_188' title='bbox 606 2415 799 2453; x_wconf 88' lang='lat' dir='ltr'>omnes</span> <span class='ocrx_word' id='word_1_189' title='bbox 839 2395 1105 2455; x_wconf 87' lang='lat' dir='ltr'>barbaros</span> <span class='ocrx_word' id='word_1_190' title='bbox 1148 2399 1392 2457; x_wconf 82' lang='lat' dir='ltr'>eminens</span> <span class='ocrx_word' id='word_1_191' title='bbox 1430 2397 1672 2475; x_wconf 13' lang='lat' dir='ltr'>corporis*</span> 
     </span>
     <span class='ocr_line' id='line_1_30' title="bbox 253 2473 1690 2559; baseline 0.003 -28"><span class='ocrx_word' id='word_1_192' title='bbox 253 2473 457 2555; x_wconf 84' lang='lat' dir='ltr'>specie.</span> <span class='ocrx_word' id='word_1_193' title='bbox 495 2473 674 2534; x_wconf 83' lang='lat' dir='ltr'>Vestis</span> <span class='ocrx_word' id='word_1_194' title='bbox 717 2496 1012 2536; x_wconf 82' lang='lat' dir='ltr'>erat-auro</span> <span class='ocrx_word' id='word_1_195' title='bbox 1057 2500 1417 2559; x_wconf 83' lang='lat' dir='ltr'>purpuraque</span> <span class='ocrx_word' id='word_1_196' title='bbox 1454 2477 1690 2557; x_wconf 61' lang='lat' dir='ltr'>distinc-tl⁴</span> 
     </span>
     <span class='ocr_line' id='line_1_31' title="bbox 255 2557 1690 2636; baseline 0.003 -23"><span class='ocrx_word' id='word_1_197' title='bbox 255 2575 313 2614; x_wconf 80' lang='lat' dir='ltr'>ta</span> <span class='ocrx_word' id='word_1_198' title='bbox 334 2599 350 2624; x_wconf 91' lang='lat'><strong><em>,</em></strong></span> <span class='ocrx_word' id='word_1_199' title='bbox 380 2578 504 2636; x_wconf 83' lang='lat' dir='ltr'>quae</span> <span class='ocrx_word' id='word_1_200' title='bbox 530 2557 694 2616; x_wconf 88' lang='lat' dir='ltr'>etiam</span> <span class='ocrx_word' id='word_1_201' title='bbox 721 2579 878 2616; x_wconf 86' lang='lat' dir='ltr'>crura</span> <span class='ocrx_word' id='word_1_202' title='bbox 904 2558 1128 2619; x_wconf 84' lang='lat' dir='ltr'>velabat</span> <span class='ocrx_word' id='word_1_203' title='bbox 1156 2581 1169 2618; x_wconf 76' lang='grc' dir='ltr'>ε</span> <span class='ocrx_word' id='word_1_204' title='bbox 1207 2566 1385 2620; x_wconf 83' lang='lat' dir='ltr'>aureis</span> <span class='ocrx_word' id='word_1_205' title='bbox 1411 2558 1566 2620; x_wconf 87' lang='lat' dir='ltr'>soleis</span> <span class='ocrx_word' id='word_1_206' title='bbox 1588 2561 1658 2617; x_wconf 89' lang='lat' dir='ltr'>in·</span> <span class='ocrx_word' id='word_1_207' title='bbox 1688 2564 1690 2569; x_wconf 85' lang='lat'>&#39;</span> 
     </span>
     <span class='ocr_line' id='line_1_32' title="bbox 253 2636 1686 2721; baseline 0.002 -26"><span class='ocrx_word' id='word_1_208' title='bbox 253 2636 497 2697; x_wconf 71' lang='lat' dir='ltr'>set-uerat</span> <span class='ocrx_word' id='word_1_209' title='bbox 530 2660 814 2717; x_wconf 84' lang='lat' dir='ltr'>gemmas:</span> <span class='ocrx_word' id='word_1_210' title='bbox 850 2639 1046 2700; x_wconf 88' lang='lat' dir='ltr'>lacerti</span> <span class='ocrx_word' id='word_1_211' title='bbox 1087 2663 1313 2721; x_wconf 89' lang='lat' dir='ltr'>quoque</span> <span class='ocrx_word' id='word_1_212' title='bbox 1352 2645 1408 2703; x_wconf 64' lang='grc' dir='ltr'>ὃς</span> <span class='ocrx_word' id='word_1_213' title='bbox 1453 2640 1686 2700; x_wconf 69' lang='lat' dir='ltr'>brachia*</span> 
     </span>
     <span class='ocr_line' id='line_1_33' title="bbox 254 2721 1690 2802; baseline 0.001 -25"><span class='ocrx_word' id='word_1_214' title='bbox 254 2721 564 2802; x_wconf 83' lang='lat' dir='ltr'>margaritis</span> <span class='ocrx_word' id='word_1_215' title='bbox 585 2741 780 2782; x_wconf 85' lang='lat' dir='ltr'>ornata</span> <span class='ocrx_word' id='word_1_216' title='bbox 807 2741 983 2784; x_wconf 86' lang='lat' dir='ltr'>erant.</span> <span class='ocrx_word' id='word_1_217' title='bbox 1012 2721 1339 2784; x_wconf 84' lang='lat' dir='ltr'>Pendebant</span> <span class='ocrx_word' id='word_1_218' title='bbox 1367 2721 1659 2783; x_wconf 76' lang='lat' dir='ltr'>ex-auribus</span> <span class='ocrx_word' id='word_1_219' title='bbox 1683 2738 1690 2772; x_wconf 76' lang='lat'>.÷</span> 
     </span>
    </p>
   </div>
   <div class='ocr_carea' id='block_1_2' title="bbox 1647 0 1690 2430">
    <p class='ocr_par' dir='ltr' id='par_1_3' title="bbox 1647 0 1690 2430">
     <span class='ocr_line' id='line_1_34' title="bbox 1647 0 1690 2430; baseline 0 -897"><span class='ocrx_word' id='word_1_220' title='bbox 1647 0 1690 2430; x_wconf 95' lang='lat' dir='ltr'>      </span> 
     </span>
    </p>
   </div>
  </div>
 </body>
</html>
