1690 3067
147 102 241 167 136
437 103 1344 170 QUINTE-CURCE,

139 190 245 267 giae
269 232 285 257 ,
316 209 417 269 par
439 188 699 248 Deorum
732 192 1000 271 potentiae
1035 190 1310 272 fastigium
1338 192 1568 252 aemu1a³
1655 188 1659 190 ¹

141 272 325 330 batur.
354 271 548 331 Jacere
569 271 723 330 humi
750 274 1180 333 venerabundos
1212 274 1327 353 pati
1353 275 1527 353 coepit
1547 313 1566 343 ‚

139 353 520 433 paulatimque
556 352 847 414 servilibus
880 354 1186 415 ministeriis
1216 374 1306 414 tot
1328 357 1571 415 victores

138 437 397 515 gentium
421 435 671 496 imbuere
692 456 711 506 3
747 438 806 495 ὅς
833 437 1066 517 captivis
1092 459 1249 516 pares
1273 436 1454 496 facere
1478 459 1570 496 ex-

138 515 602 596 petebat.Itaque
619 539 961 597 purpureum
983 519 1233 579 diadema
1252 518 1569 579 distinetum

141 598 277 660 albo
298 642 317 668 ,
344 598 510 680 quale
535 597 742 659 Darius
773 601 1043 660 habuerat
1066 645 1081 671 ,
1116 603 1288 681 capiti
1328 603 1569 661 circum-

138 679 338 750 dedit,
376 679 699 762 vestemque
722 681 999 742 Persicam
1022 682 1257 755 sumsit,
1296 706 1364 741 ne
1404 702 1571 741 omen

140 762 374 844 quidem
417 765 628 825 veritus
659 806 676 832 ,
724 764 880 844 quod
920 788 949 824 a
997 767 1224 826 vicioris
1264 765 1575 845 insignibus

139 845 197 903 in
223 844 428 905 deviffl
458 849 716 905 transiret
747 846 1021 906 habitum.
1051 848 1127 906 Et
1148 848 1238 906 ille
1260 846 1313 906 se
1342 846 1570 928 quidem

139 926 432 987 Persarum
454 925 629 1007 spolia
654 926 865 1010 gestare
900 928 1125 989 dicebat
1148 951 1160 987 :
1192 928 1287 989 sed
1314 951 1439 989 cum
1464 927 1572 987 illis

143 1031 376 1089 quoque
405 1031 589 1069 mores
620 1010 915 1082 induerat3
948 1009 1378 1093 superbiamque
1413 1011 1575 1071 habi-

142 1110 234 1151 tus
278 1092 446 1151 animi
492 1093 550 1150 in
602 1092 895 1153 insolentia
947 1092 1301 1174 sequebatur.
1354 1093 1574 1152 Literas

143 1194 417 1254 quoque,
459 1196 596 1254 quas
634 1176 688 1232 in
726 1175 1013 1254 Europam
1053 1176 1337 1245 mitteret,
1370 1175 1577 1236 veteris

145 1258 295 1315 anuli
326 1278 547 1336 gemma
582 1256 954 1338 obsignabat:
992 1258 1091 1326 iis,
1132 1279 1267 1338 quas
1291 1262 1348 1317 in
1381 1257 1577 1316 Asiam

143 1336 446 1408 scriberet,
473 1338 633 1398 Darii
670 1339 867 1398 anulus
894 1340 1357 1418 imprimebatur3
1395 1358 1457 1398 ut
1483 1360 1579 1418 ap-

143 1441 405 1502 pareret,
456 1443 632 1481 unum
670 1423 913 1482 animum
947 1421 1190 1481 duorum
1233 1443 1343 1480 non
1379 1442 1579 1501 capere

148 1500 453 1564 fortunam.
492 1503 733 1563 Amicos
764 1506 1000 1564 vero&
1037 1506 1252 1583 equites
1274 1547 1291 1573 ,
1333 1525 1581 1583 cumque

148 1590 235 1649 his
279 1587 557 1668 principes
597 1585 835 1646 militum
859 1630 874 1655 ,
915 1605 1271 1666 aspernantes
1310 1585 1578 1666 quidem,

147 1672 243 1732 sed
292 1690 546 1728 recusare
586 1690 698 1727 non
743 1690 904 1727 ausos
939 1712 955 1736 ,
1009 1669 1240 1728 Persicis
1285 1687 1583 1727 ornaverat
1663 1730 1667 1735 ,

150 1752 415 1815 vestibus
452 1749 687 1809 Pellices
724 1771 845 1809 CCC
893 1755 950 1808 &
995 1769 1076 1808 Lx
1101 1794 1115 1818 ,
1155 1750 1395 1809 totidem
1436 1769 1579 1829 quot

150 1837 314 1896 Darii
350 1833 567 1892 fuerant
590 1877 607 1901 ,
647 1837 859 1913 regiam
891 1832 1244 1911 implebant3
1278 1854 1414 1913 quas
1447 1831 1576 1911 spa-2

148 1920 365 1979 donum
387 1937 585 1998 greges
606 1958 622 1983 ,
652 1919 710 1974 &
738 1916 843 1994 ipsi
873 1914 1163 1974 muliebria
1195 1917 1310 1993 pati
1340 1916 1577 1982 assueti,

149 2001 551 2082 sequebantur.
589 1997 735 2055 Haec
770 1998 903 2056 luxu
946 2002 1004 2056 <Sc
1042 1998 1344 2077 peregrinis
1382 1993 1582 2055 infedhz

154 2082 406 2143 moribus
442 2100 659 2141 veteres
689 2079 932 2161 Philippi
959 2079 1160 2138 milites
1184 2122 1199 2148 ‚
1240 2078 1390 2138 rudis
1425 2080 1579 2136 natio
1623 2104 1629 2108 ·

153 2166 226 2225 ad
250 2164 573 2242 voluptates
594 2205 611 2231 ,
647 2161 829 2241 palam
855 2162 1254 2220 aversabantur
1279 2183 1292 2219 ε
1334 2161 1583 2239 totisque

157 2245 342 2307 castris
388 2265 531 2302 unus
581 2248 830 2302 omnium
869 2241 1056 2301 sensus
1094 2265 1157 2301 ac
1201 2240 1380 2301 sermo
1422 2261 1580 2308 erat,

148 2332 270 2410 plus
295 2328 544 2383 amissum
567 2327 789 2380 vics‘z'oria
811 2370 828 2388 ,
869 2346 1028 2401 qnam
1054 2322 1177 2379 bello
1205 2326 1470 2401 quaesitum
1504 2324 1581 2395 es-

147 2415 224 2487 se.
251 2413 390 2466 Tum
423 2408 653 2464 maxime
673 2407 823 2462 vinci
840 2409 997 2486 ipsos,
1022 2404 1241 2483 dedique
1274 2408 1457 2461 alienis
1477 2426 1584 2458 mo-

159 2491 304 2548 ribus
341 2489 406 2547 &⁵
442 2489 662 2545 externis
689 2513 704 2543 .·
746 2505 896 2543 tanta
937 2509 1076 2542 morae
1109 2489 1329 2568 pretinm
1352 2532 1368 2551 ,
1410 2485 1582 2540 domos

163 2575 314 2652 quasi
354 2573 410 2626 in
447 2573 651 2652 captivo
691 2568 874 2626 habitu
908 2590 1208 2625 reversuros.
1242 2566 1441 2624 ,Pudere
1465 2571 1583 2638 jam

150 2656 254 2731 sni.
287 2661 475 2731 Regem
499 2654 648 2708 vifflis
683 2673 844 2729 quam
879 2650 1159 2706 vifforibus
1197 2651 1488 2706 similiorem
1524 2669 1585 2702 ex

162 2734 497 2796 stdacedoniae
533 2737 829 2814 imperatore
869 2735 1043 2792 Darii
1081 2737 1340 2813 Satrapen
1367 2732 1596 2811 facium
