1690 3067
205 91 302 144 520
492 80 1404 149 QUINTE-CURCE;

187 162 262 224 ita
295 188 670 247 compressam
693 212 709 237 ‚
745 187 808 227 ut
834 190 946 230 non
981 169 1156 230 modo
1187 171 1373 229 nullus
1398 190 1469 229 ex
1494 175 1622 230 omn·

198 247 364 307 nibus
406 252 640 309 irruenti
685 252 804 331 regi
851 250 1110 312 restiterit
1152 274 1170 326 3
1223 274 1418 313 verum
1464 255 1630 312 etiam

200 333 387 388 cuncti
408 353 619 410 pavore
642 334 939 395 exanimati
962 335 1215 394 attonitis
1235 333 1466 403 simileS,
1492 332 1632 414 quid
1659 351 1671 362 “

200 409 270 470 de
297 413 432 492 ipsis
458 433 687 495 quoque
717 436 815 474 rex
840 414 1194 476 statuendum
1219 435 1471 476 censeret
1489 458 1504 484 ‚
1526 413 1634 474 sus·
1688 433 1690 461 ³

196 514 367 572 pensa
393 516 579 556 mente
606 499 1053 578 exspectarent.)
1077 497 1280 576 Itaque
1306 502 1423 558 sive
1448 502 1644 558 nomi-⁷

199 579 284 635 nis
304 620 320 645 ,
348 576 504 658 quod
532 598 758 658 genteS,
786 602 912 660 quae
936 579 1033 639 sub
1062 581 1286 660 regibus
1307 579 1463 648 sunt,
1486 581 1631 639 inte-r

199 655 361 717 Deos
405 659 603 719 colunt
627 703 644 730 ,
685 665 800 721 sive
839 663 1065 743 propria
1091 663 1260 741 ipsius
1297 663 1630 733 venerati03

196 739 313 801 sive
340 739 542 800 fiducia
569 761 721 801 tanta
749 744 804 801 vi
831 745 1142 804 exercentis
1176 746 1468 823 imperium
1490 766 1629 802 con-

194 824 394 881 terruit
430 845 563 882 eos:
603 824 881 904 singulare
908 847 1059 886 certe
1092 824 1393 886 ediderunt
1420 828 1630 905 patien-

180 908 287 963 vtiae
316 905 671 985 exemplum3
696 906 952 989 adeoque
976 931 1087 968 non
1111 907 1237 967 sunt
1259 910 1480 967 accensi
1498 907 1630 989 sup-

195 986 366 1064 plicio
400 987 850 1048 commilitonum
873 1033 890 1059 ,
924 1013 1052 1051 cum
1080 989 1179 1050 sub
1213 991 1432 1050 noctem
1459 992 1629 1050 inter-

194 1066 371 1130 feeios
403 1091 520 1129 esse
556 1078 785 1131 nossent
806 1116 822 1142 ,
854 1092 915 1132 ut
941 1073 1074 1132 nihil
1102 1073 1393 1132 omiserint
1414 1115 1432 1141 ,
1469 1070 1628 1153 quod

199 1151 408 1232 singuli
434 1155 606 1232 magis
630 1154 961 1214 obedienter
982 1178 1045 1215 ac
1072 1158 1159 1235 pie
1187 1153 1454 1216 facerent.
1478 1154 1639 1214 Nam*

195 1254 328 1293 cum
371 1232 596 1313 postero
640 1235 729 1295 die
773 1237 1045 1315 prohibiti
1091 1237 1244 1297 aditu
1299 1238 1579 1296 venissent
1604 1280 1624 1306 ‚

192 1315 458 1375 Asiaticis
490 1317 664 1375 modo
700 1319 968 1377 militibus
1000 1318 1288 1386 admissiS,
1326 1317 1624 1399 lugubrem

193 1399 328 1456 totis
361 1396 545 1458 castris
579 1399 804 1460 edidere
848 1400 1187 1469 clamorem,
1230 1399 1626 1461 denuntiantes

182 1478 239 1554 se
255 1483 486 1560 protinus
508 1502 605 1536 esse
631 1484 907 1539 morituros
924 1528 940 1547 ,
960 1486 1002 1538 si
1022 1505 1114 1538 rex
1136 1500 1480 1563 perseveraret
1501 1481 1625 1558 iras-

190 1563 258 1620 ci.
293 1562 379 1622 At
412 1561 502 1622 ille
541 1565 846 1642 pervicacis
879 1564 951 1625 ad
985 1566 1172 1624 omnia
1198 1586 1323 1645 quae
1358 1570 1624 1645 agitasset

189 1646 394 1714 animi,
431 1648 854 1727 peregrinorum
880 1647 1118 1708 militum
1148 1648 1480 1708 concionem
1515 1646 1621 1706 ad-

185 1731 379 1786 vocari
403 1729 562 1807 jubet
583 1771 598 1797 ‚
644 1729 1058 1789 Macedonibus
1083 1731 1226 1790 intra
1262 1728 1433 1789 castra
1461 1729 1620 1789 cohi-

185 1807 345 1868 bitis:
376 1813 433 1869 &
461 1831 589 1869 cum
613 1809 935 1892 frequentes
961 1814 1210 1872 coi‘ssent
1228 1859 1245 1883 ,
1268 1812 1520 1873 adhibito
1545 1814 1623 1870 in-

188 1908 435 1971 terprete
460 1893 628 1952 talem
652 1896 963 1955 orationem
989 1895 1201 1954 habuit.

274 2002 309 2025 20
352 1974 503 2034 Cum
546 1997 616 2034 ex
656 1976 889 2057 Europa
927 1979 1240 2057 trajicerem
1281 1981 1337 2038 in
1378 1978 1618 2048 Asiam,=

187 2082 222 2106 ω
247 2057 449 2116 multas
476 2057 691 2117 nobiles
727 2080 924 2138 gentes
946 2101 963 2129 ,
1002 2080 1259 2138 magnam
1289 2062 1400 2119 vim
1437 2061 1618 2120 homi-

185 2163 221 2189 :o
243 2157 375 2197 num
402 2141 641 2219 imperio
671 2163 799 2200 meo
827 2163 915 2201 me
942 2139 1265 2201 additurum
1289 2164 1404 2201 esse
1429 2141 1618 2223 spera-

183 2246 218 2271 ω
247 2218 394 2280 bam.
422 2221 549 2281 Nec
573 2222 845 2302 deceptus
866 2222 984 2282 sum
1006 2267 1022 2293 ,
1054 2222 1213 2304 quod
1238 2222 1307 2283 de
1330 2225 1409 2282 his
1431 2222 1617 2283 credi-

183 2328 218 2353 ω
246 2299 303 2360 di
327 2300 508 2361 famae.
536 2304 649 2364 Sed
688 2305 758 2364 ad
792 2306 884 2365 illa
922 2306 1031 2365 hoc
1069 2326 1300 2385 quoque
1338 2307 1616 2376 accessit3

181 2409 216 2434 πο
242 2383 400 2462 quod
426 2383 595 2444 video
619 2384 793 2445 fortes
827 2388 975 2448 viros
1007 2408 1137 2466 erga
1160 2408 1320 2465 reges
1345 2386 1472 2446 suos
1495 2390 1611 2467 pie-

176 2492 214 2516 ω
239 2467 368 2523 tatis
405 2467 642 2527 inviciae.
687 2468 859 2527 Luxu
906 2470 1090 2526 omnia
1132 2466 1307 2528 fluere
1351 2469 1609 2529 credide-

176 2568 355 2606 no-rarn
379 2571 398 2621 3
430 2552 487 2606 &
510 2551 676 2610 nimia
696 2547 966 2610 felicitate
992 2551 1167 2631 mergi
1194 2552 1246 2607 in
1270 2552 1607 2632 voluptates·

175 2654 210 2681 ω
240 2628 327 2688 At
381 2630 608 2691 hercule
650 2635 835 2693 munia
885 2632 1093 2692 militiae
1146 2632 1254 2691 hoc
1300 2637 1605 2693 animorum

173 2736 208 2762 ω
233 2731 652 2797 corporumque
689 2715 895 2776 robore
937 2736 1096 2796 aeque
1133 2715 1367 2799 impigre
1405 2716 1608 2789 tolera:
