1690 3067
162 89 430 141 LIVRE
468 87 602 140 VII.
642 88 1104 141 CHAPITRE
1134 94 1256 146 III.
1345 111 1442 161 219

24 195 102 238 ta.
120 176 344 237 Relidio
380 174 581 234 deinde
601 217 616 241 ,
654 175 749 253 qui
774 176 836 234 iis
861 197 1121 254 praeesset
1142 221 1157 247 ‚
1200 181 1443 241 Ameni-

23 259 94 328 de
119 257 334 334 (scriba
358 257 401 315 is
426 255 587 315 Darii
609 254 786 314 fuerat
807 261 830 332 )
871 256 1215 320 Arachosios
1235 306 1250 331 ,
1291 280 1438 342 quo-z

25 363 144 400 rum
173 341 326 418 regio
360 337 429 396 ad
457 338 749 396 Ponticum
778 359 926 396 mare
957 341 1199 416 pertinet
1222 386 1238 411 ,
1276 342 1439 403 sube-

21 422 123 501 git.
158 420 248 479 Ibi
285 421 590 479 exercitum
613 461 628 487 ,
668 419 765 497 qui
797 417 893 477 sub
924 419 1288 483 Parmenione
1320 425 1437 484 fue-

22 522 139 573 rat,
163 502 483 580 occupavit.
516 500 628 559 Sex
653 499 820 559 millia
842 500 1221 564 Macedonum
1248 527 1434 577 erant,

21 586 80 643 &
107 603 184 644 cc
213 583 463 651 nobileS,
502 585 561 639 ὃς
606 583 851 661 quinque
896 583 1062 642 millia
1102 587 1435 648 Graecorum

19 685 148 724 cum
193 664 470 744 equitibus
511 661 816 736 ducentis3
858 662 1005 725 h'aud
1049 664 1219 727 dubie
1262 669 1436 727 robur

19 747 266 821 omnium
284 747 483 807 virium
506 745 668 823 regis,
687 744 1011 804 Arachosiis
1037 745 1196 808 datus
1220 750 1435 809 Menon

13 846 226 906 praetor
246 869 264 897 ,
300 849 323 885 1
341 847 382 886 v
409 825 650 884 millibus
686 825 936 903 peditum
961 871 977 897 ‚
1017 832 1076 888 δε
1103 849 1146 887 D
1167 850 1202 890 C
1230 832 1434 912 equiti-

2 907 122 968 bus
145 910 200 968 in
222 909 539 989 praesidium
569 906 786 967 relifflS.

93 1066 228 1146 Ipse
261 1088 358 1126 rex
388 1068 668 1126 nationem
693 1109 708 1134 ,
734 1087 801 1125 ne
833 1066 1078 1128 finitimis
1108 1069 1333 1150 quidem
1358 1070 1431 1130 sa-

7 1148 84 1207 [is
117 1168 307 1208 notam
335 1192 350 1217 ,
397 1149 602 1226 quippe
645 1147 798 1206 nullo
849 1158 1188 1211 commercio
1232 1153 1430 1211 volen-

25 1250 126 1289 :em
160 1249 381 1289 mutuos
415 1250 541 1286 usus
563 1273 578 1298 ‚
607 1250 733 1287 cum
764 1233 1013 1289 exercitu
1043 1235 1291 1292 intravit.
1319 1239 1427 1289 Rc·

8 1309 343 1391 ‘apamisadae
369 1310 719 1389 appellantur
739 1355 754 1381 ,
781 1311 989 1390 agreste
1013 1313 1296 1372 hominum
1322 1339 1426 1396 ge-

10 1412 112 1450 ius
137 1433 153 1460 ,
191 1395 250 1450 &
285 1393 429 1451 inter
469 1392 735 1451 barbaros
778 1395 1014 1453 maxime
1051 1396 1421 1457 inconditum.

11 1471 298 1533 Locorum
329 1475 589 1552 asperitas
615 1475 902 1534 hominum
941 1498 1167 1556 quoque
1200 1482 1421 1557 ingenia

12 1552 324 1614 iuraverat.
372 1554 788 1615 Gelidissimum
822 1558 1227 1636 Septentrionis
1263 1582 1422 1619 axem

32 1655 79 1692 ex
102 1656 296 1715 magna
321 1655 475 1715 parte
509 1636 753 1715 speetant
780 1658 791 1695 :
824 1638 1125 1699 Baftrianis
1151 1640 1218 1699 ad
1249 1641 1421 1700 Occi-

23 1712 231 1775 ¹tentem
276 1719 558 1797 conjunffi
598 1717 721 1777 sunt
758 1739 770 1776 τ
813 1718 1120 1780 Meridiana
1162 1723 1316 1801 regio
1350 1723 1421 1783 ad

21 1818 153 1862 aare
191 1796 451 1857 Indicum
488 1803 691 1880 vergit.
730 1799 981 1877 Tuguria
1025 1802 1194 1862 latere
1241 1805 1420 1882 primo

23 1898 217 1936 :ruunt
239 1921 255 1947 ,
293 1884 350 1938 ὃς
387 1881 513 1960 quia
546 1880 737 1941 sterilis
771 1880 844 1940 est
871 1903 1014 1942 terra
1041 1886 1281 1943 materiae
1305 1929 1321 1954 ,
1359 1889 1417 1944 in

21 1964 32 2007 ἓ·
48 1957 158 2017 udo
183 1962 344 2019 etiam
377 1965 579 2020 montis
611 1963 778 2022 dorso
801 2006 815 2030 ,
843 1985 1017 2043 usque
1044 1964 1113 2023 ad
1147 1964 1420 2026 summum

21 2037 366 2101 edificiorum
391 2041 660 2122 fastigium
699 2043 899 2103 eodem
936 2044 1207 2105 laterculo
1247 2067 1417 2106 utun-

27 2141 114 2198 pr.
154 2122 423 2183 Ceterum
447 2122 711 2183 strueiura
741 2125 904 2184 latior
932 2126 1000 2185 ab
1035 2131 1149 2186 imo
1173 2171 1187 2196 ,
1228 2131 1418 2207 paula-

26 2223 103 2259 m
133 2203 477 2262 incremento
510 2207 691 2285 operis
725 2208 778 2263 in
814 2209 1009 2267 arelius
1035 2210 1301 2288 cogitur5
1343 2212 1414 2270 ad

0 2276 7 2354 f
51 2279 253 2342 ltimum
286 2287 338 2343 in
376 2288 573 2345 carinae.
613 2289 845 2347 maxime
883 2289 1114 2348 modum
1152 2294 1291 2350 co'i't.
1324 2291 1416 2351 Ibi

0 2361 263 2445 ‘stramine
299 2369 490 2426 relidio
532 2367 763 2448 superne
802 2369 988 2432 lumen
1025 2373 1304 2450 accipiunt
1341 2374 1412 2434 ad

0 2446 19 2508 ζ,
62 2443 260 2505 edium.
291 2447 450 2508 Vites
490 2453 547 2508 &
584 2450 808 2509 arbores
842 2494 858 2520 ,
906 2454 950 2511 si
987 2473 1110 2533 quae
1154 2456 1206 2511 in
1250 2474 1410 2515 tanto

0 2523 157 2598 'rirrae
186 2533 368 2607 rigore
396 2529 592 2590 durare
617 2552 924 2609 potuerunt
944 2576 959 2602 ,
987 2535 1233 2593 obruunt
1265 2557 1276 2592 τ
1306 2558 1409 2615 pe-

2 2608 142 2677 ,3:²1tus
165 2607 338 2668 hieme
365 2610 595 2670 defossae
627 2612 843 2686 latent3
882 2635 1009 2674 cum
1044 2618 1171 2675 nive
1205 2617 1412 2676 discus-

4 2678 58 2746 Α
97 2694 291 2768 aperiri
338 2691 535 2755 humus
581 2696 755 2776 coepit
780 2732 801 2766 ,ἡ
841 2695 989 2756 coelo
1026 2695 1238 2776 solique
1284 2698 1409 2771 red-5

1158 2795 1249 2858 Kij
