1690 3067
196 100 297 159 '232
473 97 519 163 ρ
556 86 1181 149 UJNTE-CUR
1221 79 1392 158 craz·

194 177 294 238 sub
324 201 513 241 monte
539 182 942 260 ParopamiSSO.
974 182 1206 242 Bacirus
1230 186 1403 243 amnis
1428 199 1629 263 praetes·i

197 262 270 320 rit
295 264 514 322 moenia.
535 262 592 325 IS
618 264 818 323 urbi&
841 266 1056 344 regioni
1078 264 1234 325 dedit
1260 287 1483 325 nomen.
1507 268 1620 325 Hic

196 345 314 423 regi
341 343 534 405 stativa
560 346 788 406 habenti
812 349 1098 406 nuntiatur
1123 369 1192 405 ex
1214 350 1436 408 Graecia
1461 347 1624 406 Pelo-

194 428 570 504 ponnensium
605 428 1011 509 Laconumque
1048 427 1307 490 defefflo.
1346 429 1622 488 Nondum

198 509 343 565 enim
366 510 498 570 vitii
527 530 682 570 erant
702 552 717 578 ,
741 532 871 570 cum
902 510 1390 589 proficiscerentur
1415 511 1623 570 turnul—

196 606 287 648 tus
314 597 428 669 ejus
461 593 733 671 principia
759 594 1083 652 nuntiaturi..
1110 593 1184 651 Et
1215 593 1351 652 alius
1384 613 1623 673 praesens

195 688 377 731 terror
399 673 627 732 affertur
648 698 666 747 3
700 676 899 756 Scytas
918 718 932 743 ,
962 677 1058 755 qui
1080 675 1224 735 ultra
1249 676 1469 735 Tanain
1502 697 1621 732 am·-

196 769 323 812 nem
351 754 548 813 colunt
571 799 588 824 ,
627 756 929 816 adventare
962 756 1137 816 Besso
1170 756 1407 818 ferentes
1434 778 1621 837 opem.

195 833 417 895 Eodem
450 856 706 917 tempore
727 881 741 907 ,
778 861 901 919 quae
935 840 988 897 in
1019 859 1187 920 gente
1219 841 1489 898 Ariorum
1515 838 1625 901 Ca-¹

196 938 361 976 ranus
385 922 442 977 ὅ(
460 919 702 1001 Erigyus
721 916 1005 999 gesserant
1020 965 1034 990 ,
1058 920 1432 1000 perferuntur.
1452 922 1625 979 Com-

194 1003 420 1058 missum
447 1022 563 1060 erat
598 1003 849 1081 praelium
888 1004 1031 1062 inter
1057 1002 1400 1063 Macedones
1427 1000 1626 1060 Arios-

196 1102 328 1161 que.
345 1081 660 1164 Transfuga
684 1085 1071 1144 Satibarzanes
1093 1086 1339 1145 barbaris
1358 1103 1626 1165 praeerat3

197 1164 293 1242 qui
320 1186 448 1223 cum
474 1188 720 1246 pugnam
742 1166 968 1246 segnem
992 1169 1274 1246 utrimque
1300 1169 1469 1246 aequis
1496 1167 1624 1224 viri-

199 1244 303 1303 bus
327 1244 464 1305 stare
488 1247 747 1316 vidisset,
779 1250 834 1305 in
861 1250 1070 1328 primos
1091 1242 1313 1308 ordines
1340 1248 1629 1328 adequita-
1685 1295 1690 1314 -.

199 1328 283 1386 vit
305 1369 319 1395 ‚
353 1327 653 1409 demtaque
680 1328 835 1408 galea
860 1374 876 1398 ,
914 1329 1162 1390 inhibitis
1201 1331 1295 1410 qui
1321 1330 1430 1389 tela
1455 1332 1626 1410 jacie-

201 1408 374 1482 bant3
402 1412 443 1467 si
472 1416 594 1490 quis
629 1413 833 1470 viritim
876 1410 1139 1471 dimicare
1177 1413 1347 1472 vellet
1370 1456 1384 1480 ‚
1420 1434 1627 1492 provo-

197 1493 346 1550 cavit
371 1491 439 1550 ad
467 1514 710 1573 pugnam
737 1537 752 1561 ‚
786 1492 1000 1553 nudum
1023 1494 1074 1552 se
1102 1515 1269 1573 caput
1297 1497 1348 1551 in
1373 1495 1626 1553 certami-

195 1593 264 1631 ne
289 1573 628 1634 habiturum.
651 1575 786 1634 Non
813 1575 941 1633 tulit
973 1573 1235 1634 ferociam
1262 1576 1484 1634 barbari
1509 1575 1626 1637 dux

194 1660 477 1715 exercitus
508 1656 751 1738 Erigyus
772 1701 788 1725 ,
822 1659 1006 1737 gravis
1034 1657 1261 1738 quidem
1299 1677 1498 1731 aetate3
1528 1656 1623 1718 sed

198 1740 257 1795 &
300 1739 465 1797 animi
506 1743 563 1799 &
613 1743 865 1821 corporis
907 1739 1112 1798 robore
1158 1737 1296 1798 null-i
1353 1742 1624 1820 juvenum

198 1817 605 1898 postferenduS.
631 1821 689 1879 Is
713 1822 870 1900 galea
908 1821 1095 1881 demta
1136 1823 1393 1880 canitiem
1433 1822 1624 1880 osten-

200 1922 354 1972 tans3
377 1905 521 1957 venit
540 1946 554 1971 ,
579 1905 794 1984 inquit,
824 1901 929 1958 dies
950 1946 966 1973 ,
1001 1924 1097 1981 quo
1125 1919 1218 1958 am
1246 1905 1467 1959 viffboriae
1484 1947 1502 1974 ,
1531 1917 1624 1959 ant

200 2001 363 2038 morte
383 1982 724 2057 honestissima
740 2029 759 2054 ,
786 1987 961 2063 quales
981 1986 1171 2041 amicos
1201 1983 1264 2040 (φ
1292 1985 1480 2040 milites
1499 1987 1625 2041 Ale-

198 2062 405 2120 xander
428 2064 649 2137 habeat,
681 2064 955 2141 ostendam.
998 2066 1124 2125 Nec
1163 2065 1324 2148 plura
1366 2067 1624 2126 elocutus

201 2168 407 2227 equum
431 2150 487 2206 in
511 2148 724 2208 hostem
750 2150 884 2229 egit.

282 2228 562 2289 Crederes
586 2235 952 2309 imperatum,
982 2250 1041 2289 ut
1065 2232 1209 2291 acies
1235 2251 1487 2310 utraeque
1515 2229 1625 2288 tela

197 2311 546 2370 cohiberent.
573 2311 834 2372 Protinus
860 2332 1011 2370 certe
1037 2333 1384 2372 recesserunt
1405 2310 1539 2370 dato
1558 2312 1622 2371 li·-

199 2393 338 2451 bero
361 2391 576 2473 spati03
610 2394 809 2452 intenti
834 2395 887 2451 in
916 2415 1212 2462 eventum,
1242 2415 1357 2452 non
1384 2393 1622 2452 duorum

203 2474 379 2532 modo
400 2518 416 2543 ,
454 2473 548 2534 sed
574 2477 738 2534 etiam
766 2474 873 2533 suae
908 2473 1067 2535 sortis
1093 2520 1107 2544 ,
1146 2478 1353 2555 quippe
1386 2474 1625 2534 alienum

200 2554 500 2615 discrimen
524 2556 783 2616 secuturi.
812 2558 972 2617 Prior
998 2558 1266 2616 barbarus
1302 2558 1480 2616 emisit
1511 2551 1627 2613 has-

202 2657 316 2695 tam
336 2680 351 2704 ,
383 2660 546 2716 quam
569 2638 812 2720 Erigyus
843 2638 1064 2698 modica
1091 2641 1284 2719 capitis
1305 2637 1630 2699 declinatio-

201 2739 272 2789 ne
296 2719 512 2783 vitavit.
546 2719 631 2797 At
653 2723 767 2802 ipse
792 2719 1044 2799 infestam
1066 2720 1309 2794 sarissam
1339 2740 1489 2801 equo
1512 2714 1625 2791 cala
