<?xml version="1.0" encoding="UTF-8"?>
<!DOCTYPE html PUBLIC "-//W3C//DTD XHTML 1.0 Transitional//EN"
    "http://www.w3.org/TR/xhtml1/DTD/xhtml1-transitional.dtd">
<html xmlns="http://www.w3.org/1999/xhtml" xml:lang="en" lang="en">
 <head>
  <title>
</title>
<meta http-equiv="Content-Type" content="text/html;charset=utf-8" />
  <meta name='ocr-system' content='tesseract 3.04.00' />
  <meta name='ocr-capabilities' content='ocr_page ocr_carea ocr_par ocr_line ocrx_word'/>
</head>
<body>
  <div class='ocr_page' id='page_1' title='image "./histoiredalexand02curt_0342.png"; bbox 0 0 1690 3067; ppageno 0'>
   <div class='ocr_carea' id='block_1_1' title="bbox 0 1823 55 3067">
    <p class='ocr_par' dir='ltr' id='par_1_1' title="bbox 0 1823 55 3067">
     <span class='ocr_line' id='line_1_1' title="bbox 0 1823 55 3067; baseline 0 0"><span class='ocrx_word' id='word_1_1' title='bbox 0 1823 55 3067; x_wconf 95' lang='lat' dir='ltr'> </span> 
     </span>
    </p>
   </div>
   <div class='ocr_carea' id='block_1_2' title="bbox 142 72 1600 2783">
    <p class='ocr_par' dir='ltr' id='par_1_2' title="bbox 165 72 1590 579">
     <span class='ocr_line' id='line_1_2' title="bbox 172 72 1362 150; baseline 0.008 -21"><span class='ocrx_word' id='word_1_2' title='bbox 172 90 267 147; x_wconf 72' lang='lat'>332</span> <span class='ocrx_word' id='word_1_3' title='bbox 465 72 1362 150; x_wconf 72' lang='lat' dir='ltr'><em>QUINTE-CURCE‚</em></span> 
     </span>
     <span class='ocr_line' id='line_1_3' title="bbox 165 168 1589 253; baseline 0.008 -28"><span class='ocrx_word' id='word_1_4' title='bbox 165 176 360 237; x_wconf 82' lang='lat' dir='ltr'>erant,</span> <span class='ocrx_word' id='word_1_5' title='bbox 395 189 519 247; x_wconf 78' lang='lat' dir='ltr'>quae</span> <span class='ocrx_word' id='word_1_6' title='bbox 553 189 741 247; x_wconf 78' lang='lat' dir='ltr'>regem</span> <span class='ocrx_word' id='word_1_7' title='bbox 777 168 846 227; x_wconf 85' lang='lat' dir='ltr'>ad</span> <span class='ocrx_word' id='word_1_8' title='bbox 881 169 940 230; x_wconf 77' lang='lat' dir='ltr'>id</span> <span class='ocrx_word' id='word_1_9' title='bbox 966 171 1173 230; x_wconf 85' lang='lat' dir='ltr'>bellum</span> <span class='ocrx_word' id='word_1_10' title='bbox 1199 172 1589 253; x_wconf 48' lang='lat' dir='ltr'>sequebantur&amp;</span> 
     </span>
     <span class='ocr_line' id='line_1_4' title="bbox 166 249 1590 336; baseline 0.007 -29"><span class='ocrx_word' id='word_1_11' title='bbox 166 249 404 328; x_wconf 84' lang='lat' dir='ltr'>Jamque</span> <span class='ocrx_word' id='word_1_12' title='bbox 434 249 693 308; x_wconf 85' lang='lat' dir='ltr'>omnibus</span> <span class='ocrx_word' id='word_1_13' title='bbox 729 255 1043 330; x_wconf 67' lang='lat' dir='ltr'>prazparatis</span> <span class='ocrx_word' id='word_1_14' title='bbox 1067 297 1083 322; x_wconf 86' lang='lat'>‚</span> <span class='ocrx_word' id='word_1_15' title='bbox 1120 255 1274 334; x_wconf 81' lang='lat' dir='ltr'>quod</span> <span class='ocrx_word' id='word_1_16' title='bbox 1304 255 1435 316; x_wconf 84' lang='lat' dir='ltr'>olim</span> <span class='ocrx_word' id='word_1_17' title='bbox 1459 280 1590 336; x_wconf 84' lang='lat' dir='ltr'>pra-</span> 
     </span>
     <span class='ocr_line' id='line_1_5' title="bbox 166 342 1588 411; baseline 0.007 -23"><span class='ocrx_word' id='word_1_18' title='bbox 166 351 237 389; x_wconf 88' lang='lat' dir='ltr'>va</span> <span class='ocrx_word' id='word_1_19' title='bbox 274 342 460 389; x_wconf 86' lang='lat' dir='ltr'>mente</span> <span class='ocrx_word' id='word_1_20' title='bbox 507 352 842 411; x_wconf 62' lang='lat' dir='ltr'>conceperat</span> <span class='ocrx_word' id='word_1_21' title='bbox 880 380 887 397; x_wconf 25' lang='grc' dir='ltr'><em>ᾗ</em></span> <span class='ocrx_word' id='word_1_22' title='bbox 942 353 1075 394; x_wconf 80' lang='lat' dir='ltr'>tunc</span> <span class='ocrx_word' id='word_1_23' title='bbox 1113 357 1227 394; x_wconf 87' lang='lat' dir='ltr'>esse</span> <span class='ocrx_word' id='word_1_24' title='bbox 1267 358 1545 398; x_wconf 82' lang='lat' dir='ltr'>maturum</span> <span class='ocrx_word' id='word_1_25' title='bbox 1572 381 1588 409; x_wconf 84' lang='lat'>‚</span> 
     </span>
     <span class='ocr_line' id='line_1_6' title="bbox 166 413 1589 500; baseline 0.008 -32"><span class='ocrx_word' id='word_1_26' title='bbox 166 432 415 490; x_wconf 86' lang='lat' dir='ltr'>quonam</span> <span class='ocrx_word' id='word_1_27' title='bbox 461 413 634 472; x_wconf 82' lang='lat' dir='ltr'>modo</span> <span class='ocrx_word' id='word_1_28' title='bbox 680 413 919 474; x_wconf 66' lang='lat' dir='ltr'>caelestes</span> <span class='ocrx_word' id='word_1_29' title='bbox 964 416 1205 477; x_wconf 76' lang='lat' dir='ltr'>honores</span> <span class='ocrx_word' id='word_1_30' title='bbox 1248 439 1539 500; x_wconf 79' lang='lat' dir='ltr'>usurparet</span> <span class='ocrx_word' id='word_1_31' title='bbox 1571 462 1589 490; x_wconf 87' lang='lat'>‚</span> 
     </span>
     <span class='ocr_line' id='line_1_7' title="bbox 165 495 1186 579; baseline 0.009 -29"><span class='ocrx_word' id='word_1_32' title='bbox 165 497 344 572; x_wconf 85' lang='lat' dir='ltr'>coepit</span> <span class='ocrx_word' id='word_1_33' title='bbox 374 495 603 574; x_wconf 85' lang='lat' dir='ltr'>agitare.</span> <span class='ocrx_word' id='word_1_34' title='bbox 1183 578 1186 579; x_wconf 16' lang='lat'><em>⁷</em></span> 
     </span>
    </p>

    <p class='ocr_par' dir='ltr' id='par_1_3' title="bbox 142 577 1600 2039">
     <span class='ocr_line' id='line_1_8' title="bbox 248 577 1591 652; baseline 0.01 -24"><span class='ocrx_word' id='word_1_35' title='bbox 248 577 404 633; x_wconf 66' lang='lat' dir='ltr'><em>Jovis</em></span> <span class='ocrx_word' id='word_1_36' title='bbox 420 579 596 652; x_wconf 52' lang='lat' dir='ltr'>fitium</span> <span class='ocrx_word' id='word_1_37' title='bbox 628 596 740 635; x_wconf 87' lang='lat' dir='ltr'>non</span> <span class='ocrx_word' id='word_1_38' title='bbox 780 577 889 637; x_wconf 82' lang='lat' dir='ltr'>dici</span> <span class='ocrx_word' id='word_1_39' title='bbox 920 599 1132 638; x_wconf 70' lang='lat' dir='ltr'>tantum</span> <span class='ocrx_word' id='word_1_40' title='bbox 1173 579 1223 640; x_wconf 89' lang='lat' dir='ltr'>se</span> <span class='ocrx_word' id='word_1_41' title='bbox 1245 625 1262 650; x_wconf 85' lang='grc'>,</span> <span class='ocrx_word' id='word_1_42' title='bbox 1304 580 1396 639; x_wconf 84' lang='lat' dir='ltr'>sed</span> <span class='ocrx_word' id='word_1_43' title='bbox 1430 583 1591 641; x_wconf 82' lang='lat' dir='ltr'>etiam</span> 
     </span>
     <span class='ocr_line' id='line_1_9' title="bbox 167 654 1596 743; baseline 0.006 -29"><span class='ocrx_word' id='word_1_44' title='bbox 167 654 324 715; x_wconf 86' lang='lat' dir='ltr'>credi</span> <span class='ocrx_word' id='word_1_45' title='bbox 353 657 582 716; x_wconf 84' lang='lat' dir='ltr'>volebat</span> <span class='ocrx_word' id='word_1_46' title='bbox 606 702 619 727; x_wconf 87' lang='lat'>‚</span> <span class='ocrx_word' id='word_1_47' title='bbox 653 677 920 738; x_wconf 81' lang='lat' dir='ltr'>tanquam</span> <span class='ocrx_word' id='word_1_48' title='bbox 953 662 1177 740; x_wconf 78' lang='lat' dir='ltr'>perinde</span> <span class='ocrx_word' id='word_1_49' title='bbox 1206 667 1396 722; x_wconf 78' lang='lat' dir='ltr'>animis</span> <span class='ocrx_word' id='word_1_50' title='bbox 1421 665 1596 743; x_wconf 87' lang='lat' dir='ltr'>impe-</span> 
     </span>
     <span class='ocr_line' id='line_1_10' title="bbox 167 738 1596 823; baseline 0.008 -30"><span class='ocrx_word' id='word_1_51' title='bbox 167 757 289 794; x_wconf 85' lang='lat' dir='ltr'>rare</span> <span class='ocrx_word' id='word_1_52' title='bbox 314 758 535 816; x_wconf 87' lang='lat' dir='ltr'>posset,</span> <span class='ocrx_word' id='word_1_53' title='bbox 561 762 623 798; x_wconf 92' lang='lat' dir='ltr'>ac</span> <span class='ocrx_word' id='word_1_54' title='bbox 651 738 866 818; x_wconf 81' lang='lat' dir='ltr'>linguis.</span> <span class='ocrx_word' id='word_1_55' title='bbox 897 741 1278 823; x_wconf 33' lang='lat' dir='ltr'>ltaqueffmore</span> <span class='ocrx_word' id='word_1_56' title='bbox 1303 746 1596 805; x_wconf 80' lang='lat' dir='ltr'>Persarum</span> 
     </span>
     <span class='ocr_line' id='line_1_11' title="bbox 142 816 1598 906; baseline 0.008 -34"><span class='ocrx_word' id='word_1_57' title='bbox 142 849 149 852; x_wconf 28' lang='grc' dir='ltr'>ν’</span> <span class='ocrx_word' id='word_1_58' title='bbox 168 816 512 878; x_wconf 81' lang='lat' dir='ltr'>Macedonas</span> <span class='ocrx_word' id='word_1_59' title='bbox 537 822 965 880; x_wconf 61' lang='lat' dir='ltr'>venerabundos</span> <span class='ocrx_word' id='word_1_60' title='bbox 988 828 1170 903; x_wconf 84' lang='lat' dir='ltr'>ipsum</span> <span class='ocrx_word' id='word_1_61' title='bbox 1190 823 1420 885; x_wconf 86' lang='lat' dir='ltr'>salutare</span> <span class='ocrx_word' id='word_1_62' title='bbox 1445 825 1598 906; x_wconf 85' lang='lat' dir='ltr'>pros-</span> 
     </span>
     <span class='ocr_line' id='line_1_12' title="bbox 167 902 1596 983; baseline 0.008 -28"><span class='ocrx_word' id='word_1_63' title='bbox 167 916 446 959; x_wconf 86' lang='lat' dir='ltr'>ternentes</span> <span class='ocrx_word' id='word_1_64' title='bbox 477 902 627 961; x_wconf 80' lang='lat' dir='ltr'>humi</span> <span class='ocrx_word' id='word_1_65' title='bbox 660 925 914 983; x_wconf 83' lang='lat' dir='ltr'>corpora.</span> <span class='ocrx_word' id='word_1_66' title='bbox 943 903 1076 962; x_wconf 86' lang='lat' dir='ltr'>Non</span> <span class='ocrx_word' id='word_1_67' title='bbox 1101 905 1290 965; x_wconf 86' lang='lat' dir='ltr'>deerat</span> <span class='ocrx_word' id='word_1_68' title='bbox 1313 907 1442 966; x_wconf 84' lang='lat' dir='ltr'>talia</span> <span class='ocrx_word' id='word_1_69' title='bbox 1464 931 1596 967; x_wconf 86' lang='lat' dir='ltr'>con-</span> 
     </span>
     <span class='ocr_line' id='line_1_13' title="bbox 170 983 1599 1068; baseline 0.009 -32"><span class='ocrx_word' id='word_1_70' title='bbox 170 983 480 1060; x_wconf 84' lang='lat' dir='ltr'>cupiscenti</span> <span class='ocrx_word' id='word_1_71' title='bbox 503 986 813 1063; x_wconf 83' lang='lat' dir='ltr'>perniciosa</span> <span class='ocrx_word' id='word_1_72' title='bbox 834 985 1079 1045; x_wconf 81' lang='lat' dir='ltr'>adulatio</span> <span class='ocrx_word' id='word_1_73' title='bbox 1096 1031 1112 1056; x_wconf 80' lang='grc'>,</span> <span class='ocrx_word' id='word_1_74' title='bbox 1133 1008 1466 1068; x_wconf 88' lang='lat' dir='ltr'>perpetuum</span> <span class='ocrx_word' id='word_1_75' title='bbox 1489 1012 1599 1049; x_wconf 69' lang='lat' dir='ltr'>ma-</span> 
     </span>
     <span class='ocr_line' id='line_1_14' title="bbox 167 1060 1597 1148; baseline 0.009 -30"><span class='ocrx_word' id='word_1_76' title='bbox 167 1060 282 1120; x_wconf 85' lang='lat' dir='ltr'>lum</span> <span class='ocrx_word' id='word_1_77' title='bbox 317 1062 539 1142; x_wconf 79' lang='lat' dir='ltr'>Regum</span> <span class='ocrx_word' id='word_1_78' title='bbox 562 1108 576 1131; x_wconf 87' lang='lat'>‚</span> <span class='ocrx_word' id='word_1_79' title='bbox 604 1088 843 1145; x_wconf 84' lang='lat' dir='ltr'>quorum</span> <span class='ocrx_word' id='word_1_80' title='bbox 880 1089 1015 1146; x_wconf 86' lang='lat' dir='ltr'>opes</span> <span class='ocrx_word' id='word_1_81' title='bbox 1039 1067 1233 1148; x_wconf 59' lang='lat' dir='ltr'>saepius</span> <span class='ocrx_word' id='word_1_82' title='bbox 1260 1073 1555 1130; x_wconf 76' lang='lat' dir='ltr'>assentatio</span> <span class='ocrx_word' id='word_1_83' title='bbox 1578 1113 1597 1142; x_wconf 84' lang='grc'>,</span> 
     </span>
     <span class='ocr_line' id='line_1_15' title="bbox 168 1144 1598 1223; baseline 0.01 -23"><span class='ocrx_word' id='word_1_84' title='bbox 168 1165 335 1223; x_wconf 84' lang='lat' dir='ltr'>quam</span> <span class='ocrx_word' id='word_1_85' title='bbox 359 1144 528 1204; x_wconf 86' lang='lat' dir='ltr'>hostis</span> <span class='ocrx_word' id='word_1_86' title='bbox 554 1152 774 1207; x_wconf 84' lang='lat' dir='ltr'>evertit.</span> <span class='ocrx_word' id='word_1_87' title='bbox 799 1148 922 1207; x_wconf 86' lang='lat' dir='ltr'>Nec</span> <span class='ocrx_word' id='word_1_88' title='bbox 939 1150 1319 1210; x_wconf 79' lang='lat' dir='ltr'>Macedonum</span> <span class='ocrx_word' id='word_1_89' title='bbox 1341 1152 1459 1211; x_wconf 84' lang='lat' dir='ltr'>haec</span> <span class='ocrx_word' id='word_1_90' title='bbox 1480 1175 1598 1214; x_wconf 82' lang='lat' dir='ltr'>erar</span> 
     </span>
     <span class='ocr_line' id='line_1_16' title="bbox 168 1225 1600 1316; baseline 0.008 -34"><span class='ocrx_word' id='word_1_91' title='bbox 168 1225 333 1304; x_wconf 86' lang='lat' dir='ltr'>culpa</span> <span class='ocrx_word' id='word_1_92' title='bbox 358 1268 376 1294; x_wconf 88' lang='grc'>,</span> <span class='ocrx_word' id='word_1_93' title='bbox 410 1248 576 1287; x_wconf 90' lang='lat' dir='ltr'>nemo</span> <span class='ocrx_word' id='word_1_94' title='bbox 618 1234 761 1288; x_wconf 83' lang='lat' dir='ltr'>enirn</span> <span class='ocrx_word' id='word_1_95' title='bbox 799 1228 1022 1289; x_wconf 87' lang='lat' dir='ltr'>illorum</span> <span class='ocrx_word' id='word_1_96' title='bbox 1064 1231 1369 1312; x_wconf 83' lang='lat' dir='ltr'>quidquam</span> <span class='ocrx_word' id='word_1_97' title='bbox 1403 1255 1469 1292; x_wconf 85' lang='lat' dir='ltr'>ex</span> <span class='ocrx_word' id='word_1_98' title='bbox 1507 1258 1600 1316; x_wconf 87' lang='lat' dir='ltr'>pa-</span> 
     </span>
     <span class='ocr_line' id='line_1_17' title="bbox 167 1306 1598 1397; baseline 0.009 -34"><span class='ocrx_word' id='word_1_99' title='bbox 167 1306 276 1364; x_wconf 88' lang='lat' dir='ltr'>trio</span> <span class='ocrx_word' id='word_1_100' title='bbox 299 1329 454 1366; x_wconf 89' lang='lat' dir='ltr'>more</span> <span class='ocrx_word' id='word_1_101' title='bbox 474 1309 659 1369; x_wconf 89' lang='lat' dir='ltr'>labare</span> <span class='ocrx_word' id='word_1_102' title='bbox 685 1308 965 1383; x_wconf 81' lang='lat' dir='ltr'>sustinuit3</span> <span class='ocrx_word' id='word_1_103' title='bbox 991 1311 1084 1372; x_wconf 84' lang='lat' dir='ltr'>sed</span> <span class='ocrx_word' id='word_1_104' title='bbox 1112 1315 1474 1384; x_wconf 71' lang='lat' dir='ltr'>Graecorum,</span> <span class='ocrx_word' id='word_1_105' title='bbox 1501 1319 1598 1397; x_wconf 88' lang='lat' dir='ltr'>qui</span> 
     </span>
     <span class='ocr_line' id='line_1_18' title="bbox 164 1386 1599 1467; baseline 0.008 -22"><span class='ocrx_word' id='word_1_106' title='bbox 164 1386 568 1467; x_wconf 79' lang='lat' dir='ltr'>professionem</span> <span class='ocrx_word' id='word_1_107' title='bbox 600 1390 951 1452; x_wconf 86' lang='lat' dir='ltr'>honestarum</span> <span class='ocrx_word' id='word_1_108' title='bbox 975 1394 1174 1454; x_wconf 88' lang='lat' dir='ltr'>artium</span> <span class='ocrx_word' id='word_1_109' title='bbox 1214 1395 1371 1454; x_wconf 87' lang='lat' dir='ltr'>malis</span> <span class='ocrx_word' id='word_1_110' title='bbox 1405 1418 1599 1456; x_wconf 87' lang='lat' dir='ltr'>corru-</span> 
     </span>
     <span class='ocr_line' id='line_1_19' title="bbox 169 1473 1596 1557; baseline 0.007 -30"><span class='ocrx_word' id='word_1_111' title='bbox 169 1489 368 1548; x_wconf 82' lang='lat' dir='ltr'><strong>perant</strong></span> <span class='ocrx_word' id='word_1_112' title='bbox 403 1473 671 1531; x_wconf 81' lang='lat' dir='ltr'>moribus,</span> <span class='ocrx_word' id='word_1_113' title='bbox 708 1474 852 1553; x_wconf 82' lang='lat' dir='ltr'>Agis</span> <span class='ocrx_word' id='word_1_114' title='bbox 891 1474 1119 1554; x_wconf 83' lang='lat' dir='ltr'>quidam</span> <span class='ocrx_word' id='word_1_115' title='bbox 1145 1476 1395 1556; x_wconf 72' lang='lat' dir='ltr'>Argivus</span> <span class='ocrx_word' id='word_1_116' title='bbox 1419 1481 1596 1557; x_wconf 78' lang='lat' dir='ltr'>pessi-—</span> 
     </span>
     <span class='ocr_line' id='line_1_20' title="bbox 169 1554 1594 1634; baseline 0.008 -26"><span class='ocrx_word' id='word_1_117' title='bbox 169 1571 392 1610; x_wconf 86' lang='lat' dir='ltr'>morum</span> <span class='ocrx_word' id='word_1_118' title='bbox 432 1555 738 1614; x_wconf 79' lang='lat' dir='ltr'>carminum</span> <span class='ocrx_word' id='word_1_119' title='bbox 773 1554 895 1634; x_wconf 83' lang='lat' dir='ltr'>post</span> <span class='ocrx_word' id='word_1_120' title='bbox 938 1556 1251 1614; x_wconf 62' lang='lat' dir='ltr'>Choerilum</span> <span class='ocrx_word' id='word_1_121' title='bbox 1292 1560 1594 1630; x_wconf 83' lang='lat' dir='ltr'>conditor,</span> 
     </span>
     <span class='ocr_line' id='line_1_21' title="bbox 171 1634 1598 1721; baseline 0.009 -32"><span class='ocrx_word' id='word_1_122' title='bbox 171 1634 228 1689; x_wconf 84' lang='lat'>&amp;</span> <span class='ocrx_word' id='word_1_123' title='bbox 257 1653 325 1691; x_wconf 84' lang='lat' dir='ltr'>ex</span> <span class='ocrx_word' id='word_1_124' title='bbox 350 1634 536 1694; x_wconf 82' lang='lat' dir='ltr'>Sicilia</span> <span class='ocrx_word' id='word_1_125' title='bbox 570 1635 746 1695; x_wconf 83' lang='lat' dir='ltr'>Cleo:</span> <span class='ocrx_word' id='word_1_126' title='bbox 772 1637 859 1696; x_wconf 84' lang='lat' dir='ltr'>hic</span> <span class='ocrx_word' id='word_1_127' title='bbox 893 1637 1120 1718; x_wconf 82' lang='lat' dir='ltr'>quidem</span> <span class='ocrx_word' id='word_1_128' title='bbox 1147 1661 1257 1696; x_wconf 90' lang='lat' dir='ltr'>non</span> <span class='ocrx_word' id='word_1_129' title='bbox 1284 1641 1488 1721; x_wconf 83' lang='lat' dir='ltr'>ingenii</span> <span class='ocrx_word' id='word_1_130' title='bbox 1510 1642 1598 1702; x_wconf 90' lang='lat' dir='ltr'>so·</span> 
     </span>
     <span class='ocr_line' id='line_1_22' title="bbox 169 1694 1598 1794; baseline 0.01 -24"><span class='ocrx_word' id='word_1_131' title='bbox 169 1710 318 1782; x_wconf 86' lang='lat' dir='ltr'>lum,</span> <span class='ocrx_word' id='word_1_132' title='bbox 340 1694 442 1775; x_wconf 55' lang='lat' dir='ltr'>&#39;ssd</span> <span class='ocrx_word' id='word_1_133' title='bbox 467 1719 631 1775; x_wconf 87' lang='lat' dir='ltr'>etiam</span> <span class='ocrx_word' id='word_1_134' title='bbox 664 1720 901 1778; x_wconf 84' lang='lat' dir='ltr'>nationis</span> <span class='ocrx_word' id='word_1_135' title='bbox 933 1721 1068 1779; x_wconf 86' lang='lat' dir='ltr'>vitio</span> <span class='ocrx_word' id='word_1_136' title='bbox 1100 1720 1397 1794; x_wconf 79' lang='lat' dir='ltr'>adulator3</span> <span class='ocrx_word' id='word_1_137' title='bbox 1429 1728 1486 1784; x_wconf 70' lang='grc' dir='ltr'>ὃ(</span> <span class='ocrx_word' id='word_1_138' title='bbox 1509 1747 1598 1784; x_wconf 87' lang='lat' dir='ltr'>ce-</span> 
     </span>
     <span class='ocr_line' id='line_1_23' title="bbox 166 1796 1598 1884; baseline 0.009 -32"><span class='ocrx_word' id='word_1_139' title='bbox 166 1811 285 1854; x_wconf 84' lang='lat' dir='ltr'>tera</span> <span class='ocrx_word' id='word_1_140' title='bbox 310 1796 531 1857; x_wconf 88' lang='lat' dir='ltr'>urbium</span> <span class='ocrx_word' id='word_1_141' title='bbox 552 1797 768 1858; x_wconf 87' lang='lat' dir='ltr'>suarum</span> <span class='ocrx_word' id='word_1_142' title='bbox 796 1822 1157 1880; x_wconf 85' lang='lat' dir='ltr'>purgamenta</span> <span class='ocrx_word' id='word_1_143' title='bbox 1177 1845 1191 1869; x_wconf 88' lang='lat'>,</span> <span class='ocrx_word' id='word_1_144' title='bbox 1217 1824 1340 1882; x_wconf 79' lang='lat' dir='ltr'>quae</span> <span class='ocrx_word' id='word_1_145' title='bbox 1366 1811 1598 1884; x_wconf 87' lang='lat' dir='ltr'>propin·</span> 
     </span>
     <span class='ocr_line' id='line_1_24' title="bbox 169 1876 1598 1961; baseline 0.01 -30"><span class='ocrx_word' id='word_1_146' title='bbox 169 1876 292 1954; x_wconf 89' lang='lat' dir='ltr'>quis</span> <span class='ocrx_word' id='word_1_147' title='bbox 328 1879 492 1936; x_wconf 87' lang='lat' dir='ltr'>etiam</span> <span class='ocrx_word' id='word_1_148' title='bbox 531 1881 1008 1961; x_wconf 77' lang='lat' dir='ltr'>maximorumque</span> <span class='ocrx_word' id='word_1_149' title='bbox 1051 1885 1397 1946; x_wconf 77' lang='lat' dir='ltr'>exercituum</span> <span class='ocrx_word' id='word_1_150' title='bbox 1439 1887 1598 1947; x_wconf 81' lang='lat' dir='ltr'>duci-</span> 
     </span>
     <span class='ocr_line' id='line_1_25' title="bbox 166 1957 963 2039; baseline 0.008 -24"><span class='ocrx_word' id='word_1_151' title='bbox 166 1957 274 2015; x_wconf 84' lang='lat' dir='ltr'>bus</span> <span class='ocrx_word' id='word_1_152' title='bbox 299 1981 328 2017; x_wconf 83' lang='lat' dir='ltr'>a</span> <span class='ocrx_word' id='word_1_153' title='bbox 353 1979 484 2039; x_wconf 82' lang='lat' dir='ltr'>rege</span> <span class='ocrx_word' id='word_1_154' title='bbox 508 1960 963 2039; x_wconf 63' lang='lat' dir='ltr'>praeferebantur·</span> 
     </span>
    </p>

    <p class='ocr_par' dir='ltr' id='par_1_4' title="bbox 167 2039 1596 2783">
     <span class='ocr_line' id='line_1_26' title="bbox 252 2039 1592 2123; baseline 0.01 -27"><span class='ocrx_word' id='word_1_155' title='bbox 252 2039 331 2096; x_wconf 85' lang='lat' dir='ltr'>Hi</span> <span class='ocrx_word' id='word_1_156' title='bbox 356 2059 474 2099; x_wconf 83' lang='lat' dir='ltr'>tum</span> <span class='ocrx_word' id='word_1_157' title='bbox 508 2043 712 2101; x_wconf 79' lang='lat' dir='ltr'>coelum</span> <span class='ocrx_word' id='word_1_158' title='bbox 738 2042 816 2102; x_wconf 82' lang='lat' dir='ltr'>illi</span> <span class='ocrx_word' id='word_1_159' title='bbox 851 2043 1171 2123; x_wconf 78' lang='lat' dir='ltr'>aperiebant</span> <span class='ocrx_word' id='word_1_160' title='bbox 1193 2086 1208 2113; x_wconf 86' lang='grc'>,</span> <span class='ocrx_word' id='word_1_161' title='bbox 1249 2045 1592 2108; x_wconf 84' lang='lat' dir='ltr'>Herculem-</span> 
     </span>
     <span class='ocr_line' id='line_1_27' title="bbox 169 2121 1595 2199; baseline 0.011 -23"><span class='ocrx_word' id='word_1_162' title='bbox 169 2138 279 2199; x_wconf 88' lang='lat' dir='ltr'>que</span> <span class='ocrx_word' id='word_1_163' title='bbox 308 2124 363 2179; x_wconf 85' lang='lat'>&amp;</span> <span class='ocrx_word' id='word_1_164' title='bbox 388 2121 608 2182; x_wconf 86' lang='lat' dir='ltr'>Patrem</span> <span class='ocrx_word' id='word_1_165' title='bbox 636 2123 936 2193; x_wconf 82' lang='lat' dir='ltr'>Liberum,</span> <span class='ocrx_word' id='word_1_166' title='bbox 962 2129 1017 2183; x_wconf 70' lang='grc' dir='ltr'>ὃ(</span> <span class='ocrx_word' id='word_1_167' title='bbox 1051 2147 1177 2184; x_wconf 84' lang='lat' dir='ltr'>cum</span> <span class='ocrx_word' id='word_1_168' title='bbox 1206 2127 1436 2188; x_wconf 87' lang='lat' dir='ltr'>Polluce</span> <span class='ocrx_word' id='word_1_169' title='bbox 1463 2131 1595 2191; x_wconf 85' lang='lat' dir='ltr'>Cas-</span> 
     </span>
     <span class='ocr_line' id='line_1_28' title="bbox 167 2206 1593 2287; baseline 0.012 -30"><span class='ocrx_word' id='word_1_170' title='bbox 167 2220 352 2260; x_wconf 83' lang='lat' dir='ltr'>torem</span> <span class='ocrx_word' id='word_1_171' title='bbox 396 2223 549 2262; x_wconf 90' lang='lat' dir='ltr'>novo</span> <span class='ocrx_word' id='word_1_172' title='bbox 597 2206 807 2263; x_wconf 87' lang='lat' dir='ltr'>numini</span> <span class='ocrx_word' id='word_1_173' title='bbox 842 2226 1093 2266; x_wconf 87' lang='lat' dir='ltr'>cessuros</span> <span class='ocrx_word' id='word_1_174' title='bbox 1137 2227 1254 2267; x_wconf 90' lang='lat' dir='ltr'>esse</span> <span class='ocrx_word' id='word_1_175' title='bbox 1298 2211 1593 2287; x_wconf 64' lang='lat' dir='ltr'>jafiabant.</span> 
     </span>
     <span class='ocr_line' id='line_1_29' title="bbox 168 2279 1594 2364; baseline 0.011 -26"><span class='ocrx_word' id='word_1_176' title='bbox 168 2279 357 2360; x_wconf 81' lang='lat' dir='ltr'>Igitur</span> <span class='ocrx_word' id='word_1_177' title='bbox 408 2280 545 2341; x_wconf 85' lang='lat' dir='ltr'>festo</span> <span class='ocrx_word' id='word_1_178' title='bbox 598 2285 688 2345; x_wconf 85' lang='lat' dir='ltr'>die</span> <span class='ocrx_word' id='word_1_179' title='bbox 733 2292 886 2346; x_wconf 88' lang='lat' dir='ltr'>omni</span> <span class='ocrx_word' id='word_1_180' title='bbox 938 2288 1224 2364; x_wconf 86' lang='lat' dir='ltr'>opulentia</span> <span class='ocrx_word' id='word_1_181' title='bbox 1271 2295 1594 2354; x_wconf 81' lang='lat' dir='ltr'>convivium</span> 
     </span>
     <span class='ocr_line' id='line_1_30' title="bbox 170 2363 1593 2440; baseline 0.013 -22"><span class='ocrx_word' id='word_1_182' title='bbox 170 2365 427 2421; x_wconf 84' lang='lat' dir='ltr'>exornari</span> <span class='ocrx_word' id='word_1_183' title='bbox 449 2363 646 2440; x_wconf 79' lang='lat' dir='ltr'>jubet3</span> <span class='ocrx_word' id='word_1_184' title='bbox 684 2371 774 2426; x_wconf 89' lang='lat' dir='ltr'>cui</span> <span class='ocrx_word' id='word_1_185' title='bbox 809 2389 922 2427; x_wconf 89' lang='lat' dir='ltr'>non</span> <span class='ocrx_word' id='word_1_186' title='bbox 955 2367 1299 2430; x_wconf 80' lang='lat' dir='ltr'>Macedones</span> <span class='ocrx_word' id='word_1_187' title='bbox 1330 2373 1502 2433; x_wconf 89' lang='lat' dir='ltr'>modo</span> <span class='ocrx_word' id='word_1_188' title='bbox 1536 2384 1593 2437; x_wconf 82' lang='lat'>&amp;</span> 
     </span>
     <span class='ocr_line' id='line_1_31' title="bbox 171 2444 1591 2524; baseline 0.012 -23"><span class='ocrx_word' id='word_1_189' title='bbox 171 2444 360 2502; x_wconf 83' lang='lat' dir='ltr'>Graeci</span> <span class='ocrx_word' id='word_1_190' title='bbox 385 2445 660 2524; x_wconf 87' lang='lat' dir='ltr'>principes</span> <span class='ocrx_word' id='word_1_191' title='bbox 692 2449 997 2507; x_wconf 87' lang='lat' dir='ltr'>amicorum</span> <span class='ocrx_word' id='word_1_192' title='bbox 1017 2491 1033 2517; x_wconf 85' lang='lat'>,</span> <span class='ocrx_word' id='word_1_193' title='bbox 1059 2447 1153 2508; x_wconf 88' lang='lat' dir='ltr'>sed</span> <span class='ocrx_word' id='word_1_194' title='bbox 1178 2453 1343 2511; x_wconf 88' lang='lat' dir='ltr'>etiam</span> <span class='ocrx_word' id='word_1_195' title='bbox 1375 2457 1591 2518; x_wconf 86' lang='lat' dir='ltr'>nobiles</span> 
     </span>
     <span class='ocr_line' id='line_1_32' title="bbox 170 2524 1596 2609; baseline 0.011 -26"><span class='ocrx_word' id='word_1_196' title='bbox 170 2524 582 2585; x_wconf 82' lang='lat' dir='ltr'>adhiberentur.</span> <span class='ocrx_word' id='word_1_197' title='bbox 625 2527 774 2586; x_wconf 89' lang='lat' dir='ltr'>Cum</span> <span class='ocrx_word' id='word_1_198' title='bbox 817 2530 1019 2609; x_wconf 84' lang='lat' dir='ltr'>quibus</span> <span class='ocrx_word' id='word_1_199' title='bbox 1056 2552 1183 2588; x_wconf 87' lang='lat' dir='ltr'>cum</span> <span class='ocrx_word' id='word_1_200' title='bbox 1226 2531 1596 2598; x_wconf 86' lang='lat' dir='ltr'>discubuisset</span> 
     </span>
     <span class='ocr_line' id='line_1_33' title="bbox 172 2605 1591 2693; baseline 0.01 -29"><span class='ocrx_word' id='word_1_201' title='bbox 172 2627 271 2664; x_wconf 83' lang='lat' dir='ltr'>rex</span> <span class='ocrx_word' id='word_1_202' title='bbox 302 2648 319 2673; x_wconf 85' lang='lat'><em>,</em></span> <span class='ocrx_word' id='word_1_203' title='bbox 367 2605 643 2687; x_wconf 80' lang='lat' dir='ltr'>paulisper</span> <span class='ocrx_word' id='word_1_204' title='bbox 683 2609 938 2689; x_wconf 81' lang='lat' dir='ltr'>epulatus</span> <span class='ocrx_word' id='word_1_205' title='bbox 980 2613 1243 2671; x_wconf 86' lang='lat' dir='ltr'>convivio</span> <span class='ocrx_word' id='word_1_206' title='bbox 1287 2617 1591 2693; x_wconf 85' lang='lat' dir='ltr'>egreditur.</span> 
     </span>
     <span class='ocr_line' id='line_1_34' title="bbox 173 2685 1594 2783; baseline 0.011 -37"><span class='ocrx_word' id='word_1_207' title='bbox 173 2685 356 2762; x_wconf 54' lang='grc' dir='ltr'>β(3160,</span> <span class='ocrx_word' id='word_1_208' title='bbox 381 2688 522 2750; x_wconf 84' lang='lat' dir='ltr'>sicut</span> <span class='ocrx_word' id='word_1_209' title='bbox 546 2710 955 2783; x_wconf 80' lang='lat' dir='ltr'>praeparaverat</span> <span class='ocrx_word' id='word_1_210' title='bbox 976 2735 996 2768; x_wconf 83' lang='lat'><em>,</em></span> <span class='ocrx_word' id='word_1_211' title='bbox 1029 2691 1338 2762; x_wconf 80' lang='lat' dir='ltr'>sermonem</span> <span class='ocrx_word' id='word_1_212' title='bbox 1360 2719 1474 2759; x_wconf 63' lang='lat' dir='ltr'>cam</span> <span class='ocrx_word' id='word_1_213' title='bbox 1496 2698 1594 2767; x_wconf 56' lang='lat' dir='ltr'>ad-</span> 
     </span>
    </p>
   </div>
  </div>
 </body>
</html>
