1690 3067
212 73 478 127 LJVRE
515 71 686 123 VJJJ.
723 72 1183 124 CHAPJTRE
1212 76 1315 126 XI.
1356 74 1361 78 ·
1416 91 1512 141 379

0 189 1 229 i
85 159 433 244 potestatem.
488 159 749 232 Quorum
797 158 997 217 incolae
1049 161 1244 219 armati
1296 180 1513 242 petram

0 236 2 331 l
82 245 324 303 Aornon
357 242 581 300 nomine
608 259 1031 320 occupaverunt
1058 283 1073 307 ,
1109 241 1250 302 hanc
1274 241 1338 298 ab
1361 248 1512 297 Her-

84 327 193 382 cule
219 321 419 400 frustra
455 321 701 378 obsessam
734 342 830 376 esse
853 345 869 375 .-
910 336 1143 397 terraeqm
1180 341 1318 378 motu
1352 344 1506 379 coac·-

80 423 189 461 tum
231 402 453 477 absistere
479 401 620 462 fama
645 400 996 482 vulgaverat.
1029 400 1267 482 Inopem
1291 406 1510 466 consilii

81 485 502 553 Alexandrum,
525 486 653 564 quia
678 483 925 562 undique
951 505 1200 564 praeceps
1226 489 1285 544 &
1307 486 1510 566 abrup-

81 587 134 626 ta
161 589 324 647 rupes
350 586 498 634 erat,
529 566 705 625 senior
742 563 968 665 qugiam
1006 569 1215 645 peritus
1246 567 1504 626 locorum

80 671 204 708 cum
232 648 455 708 duobus
476 646 600 706 filiis
625 646 758 706 adiit
776 690 792 716 ‚
813 663 863 704 ἐι
885 651 1124 725 pretium
1149 651 1304 728 operi
1329 669 1506 718 esset,

44 772 47 774 -
76 729 286 790 aditum
305 728 358 789 se
376 728 805 789 monstraturum
827 749 942 787 esse
963 731 1316 808 promittens,
1341 749 1503 790 Lxxx

74 812 280 871 talenta
315 809 600 871 constituit
638 809 898 869 daturum
933 810 1258 870 Alexander
1278 832 1297 882 3
1334 814 1391 870 &
1425 810 1506 869 al-

28 923 30 925 >
75 913 199 952 tero
237 913 306 951 ex
346 891 640 970 juvenibus
676 889 873 949 obside
908 912 1168 961 retentO,
1210 895 1388 973 ipsum
1432 891 1504 952 ad

75 974 438 1054 exequenda,
480 995 604 1053 quae
642 971 926 1031 obtulerat
949 1016 966 1042 ,
1005 973 1231 1033 dimisit.
1272 974 1503 1033 Leviter

78 1057 296 1114 armatis
330 1055 444 1113 dux
485 1057 646 1112 datus
685 1051 763 1112 est
792 1053 1096 1123 Mullinus,
1132 1055 1308 1115 scriba
1337 1057 1502 1134 regis„

73 1137 199 1196 Hos
227 1138 370 1195 enim
396 1137 689 1194 circumitu
709 1175 728 1203 2
757 1135 853 1213 qui
874 1133 1129 1194 fallerent
1152 1135 1364 1196 hostem
1387 1179 1403 1205 ,
1443 1138 1500 1194 in

72 1218 340 1277 summum
377 1218 571 1296 jugum
611 1213 871 1295 placebat
904 1215 1158 1276 evadere.
1185 1218 1348 1277 Petra
1388 1232 1500 1276 non

73 1319 134 1357 ut
157 1299 437 1378 pleraeque
461 1340 475 1365 ‚
516 1296 749 1355 modicis
779 1319 843 1355 ac
877 1298 1141 1356 mollibus
1166 1299 1324 1358 clivis
1343 1301 1395 1356 in
1419 1298 1504 1357 sum

0 1400 1 1404 ’
75 1379 242 1439 blime
271 1379 543 1459 fastigium
584 1382 828 1452 crescit3
864 1377 1036 1438 sedin
1065 1399 1226 1438 metae
1261 1382 1499 1442 maxime

74 1461 304 1525 modum
327 1463 505 1521 erecta
528 1457 604 1518 est
629 1481 641 1518 :
673 1462 834 1538 cujus
857 1461 962 1520 ima
984 1460 1310 1540 spatiosiora
1333 1461 1457 1521 sunt
1477 1506 1496 1532 ⁷

72 1542 267 1603 altiora
310 1543 365 1602 in
406 1542 604 1600 arctius
643 1544 852 1600 co'e'unt
876 1585 891 1611 ‚
937 1540 1142 1601 summa
1181 1545 1236 1602 in
1270 1564 1496 1604 acutum

0 1651 1 1681 ς
71 1644 338 1685 cacumen
390 1642 691 1701 exurgunt.
732 1621 973 1685 Radices
1008 1627 1124 1704 ejus
1165 1623 1342 1684 Indus
1388 1649 1501 1687 am-

0 1731 2 1735 *
70 1708 152 1765 nis
177 1704 320 1764 subit
340 1748 359 1775 ,
390 1706 654 1785 praealtus
679 1705 957 1786 utrimque
985 1706 1187 1785 asperis
1219 1708 1385 1785 ripis:
1422 1708 1492 1768 ab

0 1828 3 1842 ι
69 1786 236 1847 altera
279 1807 433 1865 parte
483 1787 776 1865 voragines
824 1788 1144 1867 eluviesque
1195 1810 1493 1868 praeruptae

0 1867 1 1871 ’
69 1867 213 1927 sunt.
241 1869 365 1927 Nec
400 1867 502 1927 alia
531 1867 889 1947 expugnandi
922 1870 1151 1947 patebat
1183 1875 1298 1939 via,
1329 1867 1497 1949 quam

0 1998 6 2006 .
75 1970 137 2008 ut
172 1949 538 2028 replerentur.
570 1947 670 2007 Ad
703 1971 925 2008 manum
964 1949 1095 2008 silva
1136 1971 1291 2020 erat,
1325 1971 1495 2031 quam

0 2055 5 2059 >
70 2051 167 2088 rex
208 2036 282 2089 ita
320 2030 461 2088 caedi
491 2030 648 2109 jussit
681 2073 696 2098 ,
738 2050 801 2090 ut
834 2029 969 2089 nudi
1006 2030 1212 2110 stipites
1251 2035 1499 2112 jaceren-

70 2129 197 2171 tur:
237 2116 368 2191 quip
417 2134 444 2171 e
484 2112 619 2171 rami
668 2109 866 2170 fronde
913 2111 1090 2172 vestiti
1129 2112 1493 2192 impedissent

0 2218 4 2228 ·
68 2189 324 2251 ferentes,
393 2214 488 2273 pse
515 2192 725 2271 primus
756 2212 1008 2252 truncam
1036 2193 1290 2253 arborem
1322 2197 1497 2273 jecitg,

0 2298 1 2301 ¹
72 2272 394 2352 clamorque
435 2274 710 2333 exercitus
740 2274 907 2333 index
945 2274 1241 2334 alacritatis
1276 2275 1499 2335 secutus

72 2353 149 2413 est'
166 2397 181 2422 ,
208 2356 362 2413 nullo
387 2353 729 2416 detrectante
753 2376 953 2415 munus
971 2399 989 2426 ‚
1026 2355 1183 2437 quod
1205 2378 1302 2417 rex
1324 2380 1496 2419 occu-

18 2466 20 2471 ·
71 2455 269 2513 passet.

149 2593 301 2654 Intra
324 2596 613 2675 septimum
639 2595 783 2655 diem
809 2617 1070 2656 cavernas
1095 2597 1494 2676 expleverant3

72 2695 195 2734 cum
225 2699 320 2738 rex
345 2676 652 2758 sagittarios
689 2681 749 2738 δε
776 2678 1056 2760 Agrianos
1086 2681 1243 2760 jubet
1275 2704 1372 2763 per
1411 2705 1495 2746 are
