1690 3067
183 115 246 160 24
456 98 1361 166 QUINTE-CURCE,

174 184 434 244 insinuat.
461 184 791 246 Alexander
811 232 828 255 ,
864 209 1023 248 amne
1052 186 1314 267 superato
1337 233 1355 258 ,
1390 211 1520 249 cum
1544 213 1609 252 lx

174 266 417 326 millibus
452 266 710 347 peditum
732 312 747 336 ,
783 272 842 327 ὃς
871 269 1135 350 Agrianis
1165 290 1336 350 atque
1376 273 1615 333 Graeco-

171 371 296 408 rum
329 351 679 408 mercenariis
713 351 957 410 millibus
989 371 1072 409 111
1092 394 1109 420 ‚
1136 351 1340 411 additis
1364 353 1612 416 millibus

167 430 457 490 Thracum
474 474 489 500 ,
515 436 570 492 in
595 436 885 512 regionem
911 434 1197 494 Uxiorum
1220 437 1494 515 pervenit.
1513 437 1610 496 Fi-

168 515 360 573 nitima
386 513 539 574 Susis
565 534 648 573 est
672 557 689 582 ,
728 519 787 574 &
825 520 881 576 in
918 516 1153 594 primam
1178 516 1464 576 Persidem
1505 540 1611 579 ex·-

168 597 342 655 currit
366 639 381 664 ,
415 597 629 654 arcium
660 597 806 656 inter
830 596 882 657 se
908 601 967 656 &
992 599 1257 658 Susianos
1283 598 1496 659 aditum
1520 623 1609 661 re-

162 679 440 760 linquens,
477 676 736 738 Madates
762 699 879 739 erat
900 679 1065 760 hujus
1090 685 1335 761 regionis
1361 681 1605 761 praefeo,

161 780 254 821 tus
274 805 292 831 ‚
330 759 480 819 haud
504 758 629 819 sane
654 779 974 842 temporum
999 763 1194 822 homo.
1228 762 1459 843 Quippe
1483 765 1605 824 ulti-

159 865 250 903 ma
275 864 379 923 pro
403 839 517 901 fide
543 845 782 921 experiri
807 843 1157 906 decreverat.
1188 844 1303 904 Sed
1330 848 1496 926 periti
1520 846 1604 906 lo·-

161 947 359 985 corum
387 923 780 986 Alexandrum
798 926 1022 986 ‘docent
1044 967 1061 996 ,
1098 929 1356 983 occultum
1379 928 1477 984 iter
1502 950 1602 984 esse

152 1027 249 1088 per
271 1008 425 1063 calles
443 1051 462 1071 ,
504 1005 569 1064 &-
595 1027 836 1063 aversum
861 1008 929 1065 ab
954 1007 1102 1068 urbe.
1136 1012 1197 1065 Si
1252 1029 1406 1064 ancos
1432 1012 1600 1084 misis-

148 1092 227 1165 set
258 1090 444 1146 leviter
483 1104 717 1148 armatos
739 1134 757 1156 2
782 1090 943 1172 snper
985 1093 1161 1171 capita
1239 1089 1416 1166 ostium
1460 1113 1596 1162 evag

147 1172 311 1248 fhros.

240 1340 392 1399 Cum
431 1338 725 1400 consiiium
760 1337 1061 1420 placuisset
1082 1383 1098 1409 ,
1135 1337 1302 1399 iidem
1333 1337 1592 1400 itinerum

150 1423 380 1482 fuerunt
416 1422 608 1482 duces.
642 1441 688 1480 Μ
717 1425 776 1481 ὃ(
807 1441 851 1480 D
893 1421 1154 1481 mercede
1187 1420 1488 1492 conduffl,
1530 1427 1591 1483 ὃς

150 1506 391 1586 Agriani
413 1503 527 1564 fere
553 1523 602 1563 M
628 1503 881 1562 Tauroni
906 1503 1169 1582 praefeeco
1196 1502 1344 1573 dati,
1376 1526 1441 1564 ac
1466 1503 1590 1585 post

147 1587 274 1648 solis
301 1609 563 1646 occasum
589 1588 693 1645 iter
714 1584 932 1666 ingredi
960 1588 1120 1664 jussi.
1153 1584 1285 1665 Ipse
1308 1591 1474 1647 tertia
1506 1588 1591 1649 vi-

147 1673 278 1752 gilia
305 1667 491 1729 castris
524 1669 692 1727 motis
722 1669 866 1728 circa
900 1668 1040 1727 lucis
1072 1686 1260 1728 ortum
1285 1666 1588 1747 superave-

146 1773 231 1811 rat
281 1749 598 1831 angustiaS‚
653 1771 909 1830 caesaque
959 1752 1187 1809 materia
1231 1750 1479 1809 cratibus
1524 1754 1585 1812 &

142 1836 350 1914 piuteis
385 1831 688 1901 faciendis,
723 1851 789 1890 ut
825 1832 921 1911 qui
961 1850 1142 1891 turres
1179 1831 1581 1903 admoverent,

132 1912 301 1977 *extra
338 1916 438 1974 teli
479 1916 648 1972 icium
689 1932 908 1982 essent,
949 1913 1147 1973 urbem
1178 1913 1439 1973 obsidere
1466 1936 1584 1974 coe-

144 2003 245 2079 pit.
278 1998 567 2076 Praerupta
610 2014 767 2054 erant
803 1996 988 2054 omnia
1015 2039 1032 2064 ‚
1073 1994 1212 2054 saxis
1250 1998 1309 2055 δε
1353 1996 1580 2056 cotibus

142 2080 429 2159 impedita.
468 2077 666 2137 Multis
691 2098 828 2157 ergo
857 2075 1184 2138 vulneribus
1222 2076 1479 2156 depulsi,
1516 2098 1582 2138 ut

143 2162 348 2244 quibus
377 2181 493 2219 non
520 2181 650 2220 cum
680 2157 836 2217 hoste
868 2156 1047 2217 solum
1070 2202 1087 2228 ,
1124 2157 1219 2218 sed
1252 2161 1418 2218 etiam
1443 2181 1578 2229 cum

140 2247 273 2304 loco
299 2242 678 2302 dimicandum
707 2259 883 2309 esset,
916 2239 1176 2300 subibant
1197 2259 1383 2300 tamen
1407 2261 1419 2298 ε
1445 2242 1576 2321 quia

138 2348 238 2387 rex
278 2327 421 2384 inter
454 2326 663 2403 primos
701 2320 1062 2392 constiterat,
1104 2323 1457 2402 interrogans
1482 2342 1573 2380 tot

139 2408 367 2473 urbium
390 2405 628 2465 viciores
647 2425 667 2475 3
701 2425 773 2458 an
798 2402 1137 2461 erubescerent
1161 2402 1330 2459 haerere
1360 2406 1414 2458 in
1449 2401 1575 2459 ohsi-

137 2482 288 2546 dz‘one
317 2488 508 2562 castelli
530 2487 705 2566 exigui
731 2483 796 2541 ὠ
821 2483 1056 2564 ignobilis
1083 2492 1108 2540 ,Ρ
1144 2484 1321 2545 Simul
1356 2487 1462 2561 jam
1489 2486 1572 2542 in-

135 2592 221 2631 ter
245 2571 364 2629 haec
391 2568 604 2628 eminus
629 2566 924 2648 petebatur
944 2586 964 2637 3
1005 2588 1133 2626 cum
1167 2565 1442 2628 testudine
1467 2566 1572 2627 ob-

134 2654 274 2733 jecta
301 2652 504 2709 milites
523 2692 540 2719 ,
579 2654 677 2731 qui
701 2667 764 2708 ut
791 2647 921 2707 inde
953 2646 1266 2708 discederet
1285 2692 1304 2718 ‚
1345 2648 1569 2728 perpel-

129 2738 246 2810 ⁴iere
269 2734 636 2816 nequiverant
652 2774 671 2805 ,
698 2729 1029 2796 tuebantur.
1050 2729 1309 2793 Tandem
1331 2730 1567 2790 Tauron

1403 2828 1461 2890 de
1480 2827 1563 2887 son
