1690 3067
203 79 465 128 LIVRE
504 78 593 127 VI.
633 77 1083 126 CHAPITRE
1121 76 1286 127 VIII.
1395 88 1489 141 159

71 167 127 222 δέ
156 162 457 230 CrateruS‚
499 166 555 220 &
594 161 809 220 Coenus
841 203 857 229 ,
902 165 957 219 &
999 162 1280 242 Erigyus:
1322 160 1378 217 hi
1422 179 1491 217 ex

68 246 292 316 amicis;
316 266 383 302 ex
404 246 684 323 armigeris
711 263 894 302 autem
915 242 1208 302 Perdiccas
1230 246 1285 302 ὅς
1310 242 1497 301 Leon-

67 345 253 385 natus,
287 326 391 384 Per
424 324 526 384 hos
559 327 889 406 imperatum
916 366 932 391 ,
968 342 1023 377 ut
1047 367 1064 392 ,
1102 327 1193 400 qm·
1231 322 1301 380 ad
1322 340 1494 403 praeto-

66 409 212 462 rium
250 404 573 462 excubabant
606 450 624 476 ,
676 406 878 462 armati
916 407 1214 485 vigilarent.
1259 405 1378 463 Jam
1420 402 1492 463 ad

71 509 264 548 omnes
291 487 470 548 aditus
492 486 746 568 dispositi
768 487 1005 560 milite83
1029 490 1245 566 equites
1266 507 1495 565 quoque

67 570 264 628 itinera
293 567 551 628 obsidere
586 572 720 648 jussi
749 593 768 643 3
803 590 872 627 ne
910 573 1032 647 quis
1073 565 1143 627 ad
1176 567 1496 625 Parmenio-

65 671 191 709 nem
214 692 232 721 ,
270 651 365 731 qui
388 670 507 710 tum
535 651 741 710 Mediae
774 652 1098 730 magnisque
1124 650 1299 728 copiis
1321 669 1497 727 praee-

66 751 190 800 rat,
230 731 486 792 occultus
529 732 811 792 evaderet.
849 735 1109 790 Attarras
1142 749 1328 789 autem
1365 751 1495 788 cum

65 816 327 872 trecentis
365 817 583 873 armatis
626 817 925 873 intraverat
950 815 1157 891 regiam
1186 833 1198 869 :
1235 813 1371 870 huic
1392 810 1496 870 de-

66 916 188 953 cem
249 893 510 954 satellites
572 896 868 954 traduntur
918 936 934 963 ,
1001 915 1242 973 quorum
1302 895 1497 972 singu-

67 975 152 1034 los
198 976 326 1036 deni
384 979 638 1057 armigeri
690 976 1083 1055 sequebantur.
1137 973 1188 1032 Ii
1235 973 1307 1034 ad
1359 975 1498 1034 alios

64 1062 387 1135 conjuratos
426 1057 984 1137 comprehendendos
1020 1054 1294 1115 distributi
1331 1055 1496 1113 sunt:

63 1138 326 1197 Attarras
369 1182 386 1207 ,
429 1160 557 1197 cum
608 1141 871 1197 trecentis
928 1137 997 1196 ad
1047 1137 1305 1196 Philotan
1366 1135 1497 1195 mis-

62 1220 150 1278 sus
200 1261 218 1288 ‚
270 1219 533 1279 clausum
573 1220 786 1279 aditum
839 1219 1039 1278 domus
1096 1219 1434 1279 moliebatur
1474 1261 1493 1288 ,

63 1302 462 1381 quinquaginta
507 1306 775 1382 juvenum
815 1302 1203 1381 promtissimis
1241 1299 1492 1381 stipatuS.

62 1382 211 1441 Nam
269 1403 486 1443 ceteros
531 1389 756 1462 cingere
803 1381 1051 1462 undique
1104 1381 1334 1441 domum
1377 1380 1492 1461 jus-

54 1462 239 1532 serat,
286 1486 355 1523 ne
396 1465 627 1524 occulto
663 1463 817 1523 aditu
862 1464 1107 1522 Philotas
1141 1484 1328 1543 posset
1375 1463 1495 1523 ela-

62 1545 139 1605 bi.
160 1545 329 1605 Illum
345 1588 362 1614 ,
385 1547 498 1606 sive
524 1545 814 1606 securitate
839 1547 1036 1615 animi,
1068 1547 1183 1607 sive
1211 1544 1494 1625 fatigatio—j

61 1649 132 1685 ne
166 1627 471 1686 resolutum
494 1625 715 1687 somnus
751 1647 1142 1707 oppresserat5
1181 1649 1345 1708 quem
1378 1628 1494 1686 At-

61 1728 233 1767 tarras
269 1728 587 1788 torpentem
625 1708 806 1768 adhuc
840 1730 1103 1790 occupat.
1140 1708 1396 1768 Tandem
1438 1710 1492 1768 ei

58 1788 257 1870 sopore
280 1790 532 1851 discusso
565 1813 693 1851 cum
718 1792 1074 1872 injicerentur
1103 1812 1312 1850 catenae
1346 1814 1365 1865 3
1399 1792 1492 1856 Viz

49 1873 166 1935 tit,
208 1873 387 1952 inquit
409 1917 426 1942 ,
461 1872 735 1929 bonitatem
774 1891 920 1928 tumn
942 1916 959 1942 ,
989 1895 1074 1928 rex
1097 1917 1112 1939 ‚
1151 1875 1488 1927 inimicorum

60 1951 332 2011 acerbitas.
367 1956 492 2014 Nec
525 1954 682 2034 plura
714 1954 970 2014 locutum
1002 1955 1182 2034 capite
1212 1953 1400 2016 velato
1429 1954 1487 2012 in

0 2091 1 2094 ,
58 2035 268 2114 regiam
326 2035 632 2096 adducunt.
684 2035 913 2095 Postero
966 2036 1054 2095 die
1114 2057 1210 2094 rex
1261 2035 1486 2104 edixit,

61 2135 251 2175 omnes
288 2119 480 2175 armati
528 2119 762 2177 coirent.
814 2119 926 2176 Sex
967 2116 1133 2176 millia
1183 2114 1298 2181 fere
1345 2116 1487 2175 mili·

60 2214 181 2256 tum
214 2218 517 2258 venerant:
554 2218 820 2278 praeterea
857 2198 1019 2258 turba
1057 2199 1292 2258 lixarum
1332 2198 1486 2258 calo-

59 2297 304 2358 numque
349 2280 715 2360 impleverant
754 2282 980 2361 regiam.
1014 2279 1272 2339 Philotan
1316 2282 1491 2339 armi-'

60 2365 180 2437 geri
213 2363 427 2439 agmine
474 2361 570 2420 suo
608 2362 876 2442 tegebant
901 2405 916 2430 ,
958 2385 1026 2421 ne
1068 2382 1194 2422 ante
1233 2363 1483 2440 conspici

59 2460 247 2518 posset
268 2463 294 2499 a
321 2442 493 2522 vulgo
516 2487 532 2511 ‚
567 2466 730 2523 quam
756 2467 852 2503 rex
878 2443 1152 2503 allocutus
1182 2442 1379 2502 milites
1406 2442 1483 2501 es-

9 2536 11 2580 ῑ
60 2517 158 2578 set.
186 2520 276 2579 De
305 2525 631 2602 capitalibus
662 2525 824 2585 rebus
854 2524 1068 2584 vetusto
1098 2523 1480 2583 Macedonum>

11 2622 13 2638 ²
60 2600 234 2659 modo
256 2604 565 2683 inquirebat
593 2608 866 2666 exercitus
886 2650 899 2674 ,
927 2608 979 2663 in
1007 2629 1142 2687 pace
1164 2626 1279 2664 erat
1303 2604 1478 2682 vulgi0

63 2681 218 2742 Nihil
246 2685 486 2764 potestas
522 2710 718 2770 regum
750 2688 967 2754 valebat
1004 2712 1026 2767 3
1064 2688 1162 2750 nisi
1191 2688 1344 2770 prius
1381 2705 1480 2763 va:
