1690 3067
222 85 485 136 LlVRE
515 83 618 134 IX.
657 85 1118 135 CHAPJTRE
1153 87 1250 138 JV.
1357 92 1452 149 443·

26 172 166 231 =nisse
186 212 202 240 ,
229 168 328 246 sed
347 186 568 225 mutasse
601 167 808 225 bellum.
847 167 1121 225 Indomitis
1149 169 1385 248 gentibus
1400 173 1458 243 se

25 251 236 326 «objeflos
259 294 279 321 ‚
315 268 372 307 ut
396 250 652 330 sanguine
680 249 767 322 suo
803 252 1058 330 aperirent
1089 251 1134 304 ei
1159 254 1454 309 Oceanum.

27 331 197 391 'Trahi
218 349 359 388 extra
385 333 551 389 sidera
576 330 811 406 &solem
831 373 848 399 ,
873 332 1096 411 *cogique
1133 329 1309 401 adire,
1345 353 1451 410 quae

20 415 337 471 *mortalium
361 414 517 469 oculis
541 429 729 469 natura
743 410 1070 487 subduxerit.
1091 414 1269 467 Novis
1290 411 1457 469 idem-

19 492 192 565 uidem
216 495 382 551 armis
407 515 564 550 novos
595 491 743 567 hostes
772 491 966 567 existere
989 533 1007 562 ,
1052 512 1173 569 quos
1204 509 1260 548 ut
1284 514 1456 550 omnes

19 574 261 667 vfhpdant
266 575 548 655 fugeritque
566 618 582 645 ,
614 570 752 652 quod
771 576 1034 656 pramiurn
1056 575 1183 653 ipsos
1206 582 1450 632 manere?

20 658 307 735 ‹caliginem
338 700 356 719 ,
399 678 463 711 ac
495 655 719 712 tenebras
748 698 765 725 ‚
812 655 876 713 ὠ
912 669 1216 736 perpetuam
1257 658 1451 712 noi‘t'em

18 736 276 819 {profundo
312 736 641 794 incubantem
662 761 682 802 ,-
716 738 955 818 repletum
991 738 1306 793 immanium
1343 737 1452 795 bel-

19 819 244 875 duarum
270 817 504 898 gregibus
533 820 771 895 fretum:
808 816 1090 874 immobiles
1134 817 1305 876 undas
1329 862 1348 883 ,
1395 820 1451 872 in

19 898 212 978 equibus
238 904 480 956 emoriens
505 918 692 956 natura
715 897 967 975 defecerit
1403 914 1406 915 ’

108 1059 234 1119 Rex
260 1081 369 1119 non
395 1058 485 1117 sua
511 1102 528 1128 ‚
562 1058 656 1118 sed
683 1059 919 1117 militum
949 1056 1320 1119 sollicitudine
1345 1079 1450 1116 an·

24 1142 153 1201 unius
185 1185 201 1210 ‚
248 1142 519 1201 concione
560 1139 834 1200 advocata
871 1139 1040 1200 docet
1064 1182 1081 1209 ,
1117 1138 1339 1195 imbelles
1378 1138 1452 1213 esi

31 1223 79 1298 se
99 1266 116 1292 ,
156 1244 277 1300 quos
307 1238 556 1278 metuant.
595 1221 757 1277 Nihil
789 1220 972 1278 deinde
996 1238 1170 1301 prater
1205 1219 1299 1275 has
1311 1241 1451 1299 gen-

31 1320 99 1359 tes
123 1302 304 1379 obstare
323 1347 340 1373 ‚
374 1325 469 1382 quo
502 1306 671 1358 minus
696 1321 956 1358 terrarum
970 1305 1145 1383 spatia
1171 1304 1358 1357 emensi
1377 1298 1452 1356 ad

29 1385 179 1460 finem
207 1387 362 1441 simul
390 1381 577 1440 mundi
606 1382 944 1462 laborumque
960 1385 1291 1464 perveniant.
1327 1382 1453 1456 Ces-

35 1467 147 1521 sisse
178 1468 281 1523 illis
312 1465 647 1522 metuentibus
680 1469 896 1545 Gangen
919 1509 934 1533 ‚
973 1465 1036 1523 Ερο
1063 1458 1452 1519 multitudinem

26 1551 301 1604 ¹nationum
324 1593 340 1617 ,
378 1567 479 1626 qua
517 1549 660 1603 ultra
697 1567 905 1602 amnem
942 1563 1096 1602 essent
1119 1587 1136 1613 ‚
1173 1543 1452 1600 declinasse

22 1628 126 1683 <iter
162 1651 211 1685 eo
233 1672 252 1699 ,
293 1629 383 1685 ubi
409 1646 514 1708 par
543 1629 718 1707 gloria
740 1672 756 1696 ,
793 1630 964 1682 minus
983 1628 1276 1707 perieulum
1309 1640 1448 1683 esset.

29 1713 74 1768 J
77 1730 163 1764 am.
179 1712 453 1791 prospicere
478 1709 534 1784 ft
558 1711 829 1766 Oceanum
846 1732 862 1763 .·
886 1711 997 1776 iam
1019 1706 1236 1787 perflare
1271 1704 1344 1761 ad
1375 1708 1450 1785 ip.

27 1791 102 1866 sos
129 1813 314 1847 auram
335 1793 498 1847 maris
515 1815 531 1845 :
557 1811 618 1847 ne
640 1788 930 1845 inviderent
946 1787 1042 1844 sibi
1060 1786 1273 1843 laudem
1290 1807 1454 1864 quam

27 1886 226 1952 peteret.
253 1873 500 1929 Herculis
525 1871 588 1928 &⁶
615 1869 792 1927 Liberi
809 1873 975 1950 patris
999 1871 1241 1924 terminos
1261 1868 1452 1922 transi-

31 1970 166 2010 turos,
181 1955 324 2022 illos,
351 1955 452 2032 regi
464 1953 588 2027 suo,
605 1970 777 2034 parvo
803 1949 1060 2032 impendio
1083 1992 1100 2018 ,
1134 1949 1450 2004 immortali-

30 2046 184 2091 tatem
199 2037 357 2111 fama
379 2033 605 2094 daturos.
635 2037 943 2089 Paterentur
957 2031 1011 2106 se
1034 2051 1094 2086 ex
1120 2027 1285 2086 India
1317 2028 1453 2086 redi-

29 2135 83 2171 -re
101 2156 119 2183 ,
158 2136 256 2171 non
268 2116 474 2193 sugere.

32 2208 55 2230 ·'
116 2197 318 2256 Omnis
345 2193 647 2254 multitudo
663 2238 677 2264 ,
703 2198 760 2254 &
781 2193 1015 2252 maxime
1037 2191 1285 2252 militaris
1301 2233 1316 2259 ,
1338 2211 1458 2249 mo·

33 2274 130 2339 bili
164 2279 374 2357 impetu
411 2275 606 2336 fertur.
631 2274 719 2335 Ita
753 2274 1036 2335 seditionis
1061 2295 1176 2332 non
1210 2272 1456 2332 remedia

0 2379 200 2438 ’quarn
240 2360 509 2438 principia
554 2360 759 2436 majora
799 2355 944 2414 sunt.
983 2356 1119 2415 Non
1164 2353 1293 2413 alias
1338 2371 1456 2413 tam

35 2438 212 2499 alacer
238 2440 446 2498 clamor
472 2439 539 2499 ab
569 2444 817 2499 exercitu
845 2436 922 2496 est
947 2435 1197 2496 redditus
1216 2479 1231 2504 ‚
1257 2434 1456 2515 juben-

10 2521 170 2585 !tium
211 2519 410 2576 duceret
450 2523 568 2576 Diis
598 2518 838 2594 ficundis
865 2561 880 2588 ,
917 2517 980 2575 ό*
1005 2533 1216 2596 aequaret
1236 2517 1412 2594 gloria
1434 2556 1453 2583 ‚

10 2618 13 2678 j
38 2621 155 2674 quos
182 2603 518 2657 aemularetur.
551 2602 742 2660 Laetus
763 2601 848 2659 his
876 2596 1365 2660 acclamationibus
1385 2595 1458 2654 ad

12 2679 212 2742 ihostes
251 2684 507 2763 protinus
550 2681 718 2744 castra
746 2686 943 2745 movit.
967 2679 1337 2743 Validissimae
1369 2675 1461 2746 In··<

1190 2779 1236 2826 T
1255 2778 1301 2841 vj
