<?xml version="1.0" encoding="UTF-8"?>
<!DOCTYPE html PUBLIC "-//W3C//DTD XHTML 1.0 Transitional//EN"
    "http://www.w3.org/TR/xhtml1/DTD/xhtml1-transitional.dtd">
<html xmlns="http://www.w3.org/1999/xhtml" xml:lang="en" lang="en">
 <head>
  <title>
</title>
<meta http-equiv="Content-Type" content="text/html;charset=utf-8" />
  <meta name='ocr-system' content='tesseract 3.04.00' />
  <meta name='ocr-capabilities' content='ocr_page ocr_carea ocr_par ocr_line ocrx_word'/>
</head>
<body>
  <div class='ocr_page' id='page_1' title='image "./histoiredalexand02curt_0378.png"; bbox 0 0 1690 3067; ppageno 0'>
   <div class='ocr_carea' id='block_1_1' title="bbox 1641 305 1690 2495">
    <p class='ocr_par' dir='ltr' id='par_1_1' title="bbox 1641 305 1690 2495">
     <span class='ocr_line' id='line_1_1' title="bbox 1641 305 1690 396; baseline 0 -90"><span class='ocrx_word' id='word_1_1' title='bbox 1641 305 1690 396; x_wconf 95' lang='lat' dir='ltr'>  </span> 
     </span>
     <span class='ocr_line' id='line_1_2' title="bbox 1642 396 1690 621; baseline 0 -155"><span class='ocrx_word' id='word_1_2' title='bbox 1642 396 1690 621; x_wconf 95' lang='lat' dir='ltr'>   </span> 
     </span>
     <span class='ocr_line' id='line_1_3' title="bbox 1646 627 1690 958; baseline 0 -144"><span class='ocrx_word' id='word_1_3' title='bbox 1646 627 1690 958; x_wconf 95' lang='lat' dir='ltr'>    </span> 
     </span>
     <span class='ocr_line' id='line_1_4' title="bbox 1650 958 1690 1120; baseline 0 0"><span class='ocrx_word' id='word_1_4' title='bbox 1650 958 1690 1120; x_wconf 95' lang='lat' dir='ltr'>  </span> 
     </span>
     <span class='ocr_line' id='line_1_5' title="bbox 1653 1120 1690 1195; baseline 0 1872"><span class='ocrx_word' id='word_1_5' title='bbox 1653 1120 1690 1195; x_wconf 95' lang='lat' dir='ltr'> </span> 
     </span>
     <span class='ocr_line' id='line_1_6' title="bbox 1644 1195 1690 1525; baseline 0 0"><span class='ocrx_word' id='word_1_6' title='bbox 1644 1195 1690 1525; x_wconf 95' lang='lat' dir='ltr'>    </span> 
     </span>
     <span class='ocr_line' id='line_1_7' title="bbox 1655 1689 1690 1919; baseline 0 -150"><span class='ocrx_word' id='word_1_7' title='bbox 1655 1689 1690 1919; x_wconf 95' lang='lat' dir='ltr'>   </span> 
     </span>
     <span class='ocr_line' id='line_1_8' title="bbox 1659 1919 1690 2013; baseline 0 1054"><span class='ocrx_word' id='word_1_8' title='bbox 1659 1919 1690 2013; x_wconf 95' lang='lat' dir='ltr'> </span> 
     </span>
     <span class='ocr_line' id='line_1_9' title="bbox 1659 2013 1690 2173; baseline 0.258 -6"><span class='ocrx_word' id='word_1_9' title='bbox 1659 2013 1690 2173; x_wconf 95' lang='lat' dir='ltr'>   </span> 
     </span>
     <span class='ocr_line' id='line_1_10' title="bbox 1662 2173 1690 2420; baseline 0 -161"><span class='ocrx_word' id='word_1_10' title='bbox 1662 2173 1690 2420; x_wconf 95' lang='lat' dir='ltr'>   </span> 
     </span>
     <span class='ocr_line' id='line_1_11' title="bbox 1665 2420 1690 2495; baseline 0 572"><span class='ocrx_word' id='word_1_11' title='bbox 1665 2420 1690 2495; x_wconf 95' lang='lat' dir='ltr'> </span> 
     </span>
    </p>
   </div>
   <div class='ocr_carea' id='block_1_2' title="bbox 193 90 1690 2791">
    <p class='ocr_par' dir='ltr' id='par_1_2' title="bbox 193 90 1645 1570">
     <span class='ocr_line' id='line_1_12' title="bbox 193 90 1440 162; baseline 0.011 -28"><span class='ocrx_word' id='word_1_12' title='bbox 193 90 341 155; x_wconf 15' lang='lat'>*368</span> <span class='ocrx_word' id='word_1_13' title='bbox 538 96 1440 162; x_wconf 74' lang='lat' dir='ltr'><em>QUINTE-CURCE,</em></span> 
     </span>
     <span class='ocr_line' id='line_1_13' title="bbox 241 176 1634 263; baseline 0.003 -26"><span class='ocrx_word' id='word_1_14' title='bbox 241 181 511 260; x_wconf 78' lang='lat' dir='ltr'>imperata</span> <span class='ocrx_word' id='word_1_15' title='bbox 536 176 735 239; x_wconf 67' lang='lat' dir='ltr'>faf&#39;turi</span> <span class='ocrx_word' id='word_1_16' title='bbox 747 202 767 253; x_wconf 79' lang='lat'>3</span> <span class='ocrx_word' id='word_1_17' title='bbox 792 182 942 236; x_wconf 77' lang='lat' dir='ltr'>illum</span> <span class='ocrx_word' id='word_1_18' title='bbox 967 184 1178 239; x_wconf 83' lang='lat' dir='ltr'>tertium</span> <span class='ocrx_word' id='word_1_19' title='bbox 1191 188 1330 242; x_wconf 85' lang='lat' dir='ltr'>Jove</span> <span class='ocrx_word' id='word_1_20' title='bbox 1336 185 1576 263; x_wconf 79' lang='lat' dir='ltr'>genitum</span> <span class='ocrx_word' id='word_1_21' title='bbox 1593 207 1634 241; x_wconf 86' lang='lat' dir='ltr'>a.</span> 
     </span>
     <span class='ocr_line' id='line_1_14' title="bbox 239 258 1632 341; baseline 0.004 -25"><span class='ocrx_word' id='word_1_22' title='bbox 239 265 371 341; x_wconf 77' lang='lat' dir='ltr'>ipsos</span> <span class='ocrx_word' id='word_1_23' title='bbox 399 265 693 341; x_wconf 75' lang='lat' dir='ltr'>pervenisse</span> <span class='ocrx_word' id='word_1_24' title='bbox 716 283 1127 335; x_wconf 79' lang='lat' dir='ltr'>memorantes3</span> <span class='ocrx_word' id='word_1_25' title='bbox 1179 268 1391 321; x_wconf 75' lang='lat' dir='ltr'>Patrem</span> <span class='ocrx_word' id='word_1_26' title='bbox 1416 258 1632 321; x_wconf 55' lang='lat' dir='ltr'>Liberu&#39;r&#39;</span> 
     </span>
     <span class='ocr_line' id='line_1_15' title="bbox 245 345 1641 426; baseline 0.002 -27"><span class='ocrx_word' id='word_1_27' title='bbox 245 360 400 419; x_wconf 64' lang='lat' dir='ltr'>atque</span> <span class='ocrx_word' id='word_1_28' title='bbox 418 345 708 399; x_wconf 78' lang='lat' dir='ltr'><em>Herculem</em></span> <span class='ocrx_word' id='word_1_29' title='bbox 723 346 883 419; x_wconf 71' lang='lat' dir='ltr'>fama</span> <span class='ocrx_word' id='word_1_30' title='bbox 905 347 1126 424; x_wconf 71' lang='lat' dir='ltr'>cognitos</span> <span class='ocrx_word' id='word_1_31' title='bbox 1151 367 1249 401; x_wconf 85' lang='lat' dir='ltr'>esse</span> <span class='ocrx_word' id='word_1_32' title='bbox 1268 371 1284 401; x_wconf 92' lang='grc'>.·</span> <span class='ocrx_word' id='word_1_33' title='bbox 1306 349 1472 426; x_wconf 77' lang='lat' dir='ltr'>ipsum</span> <span class='ocrx_word' id='word_1_34' title='bbox 1496 369 1641 404; x_wconf 63' lang='lat' dir='ltr'>corax·</span> 
     </span>
     <span class='ocr_line' id='line_1_16' title="bbox 248 424 1633 509; baseline 0.006 -30"><span class='ocrx_word' id='word_1_35' title='bbox 248 424 458 488; x_wconf 67' lang='lat' dir='ltr'>adesse,</span> <span class='ocrx_word' id='word_1_36' title='bbox 496 427 751 502; x_wconf 81' lang='lat' dir='ltr'>cernique.</span> <span class='ocrx_word' id='word_1_37' title='bbox 788 424 915 484; x_wconf 83' lang='lat' dir='ltr'>Rex</span> <span class='ocrx_word' id='word_1_38' title='bbox 945 426 1185 506; x_wconf 80' lang='lat' dir='ltr'><strong>benigne</strong></span> <span class='ocrx_word' id='word_1_39' title='bbox 1219 447 1485 507; x_wconf 80' lang='lat' dir='ltr'>exceptos</span> <span class='ocrx_word' id='word_1_40' title='bbox 1514 426 1633 509; x_wconf 74' lang='lat' dir='ltr'>seqt</span> 
     </span>
     <span class='ocr_line' id='line_1_17' title="bbox 242 506 1634 587; baseline 0.004 -24"><span class='ocrx_word' id='word_1_41' title='bbox 242 506 403 587; x_wconf 61' lang='lat' dir='ltr'>fussit</span> <span class='ocrx_word' id='word_1_42' title='bbox 423 549 440 575; x_wconf 88' lang='grc'>,</span> <span class='ocrx_word' id='word_1_43' title='bbox 471 506 666 565; x_wconf 87' lang='lat' dir='ltr'>iisdem</span> <span class='ocrx_word' id='word_1_44' title='bbox 697 508 957 567; x_wconf 87' lang='lat' dir='ltr'>itinerum</span> <span class='ocrx_word' id='word_1_45' title='bbox 982 508 1221 568; x_wconf 84' lang='lat' dir='ltr'>ducibus</span> <span class='ocrx_word' id='word_1_46' title='bbox 1249 532 1464 568; x_wconf 90' lang='lat' dir='ltr'>usurus.</span> <span class='ocrx_word' id='word_1_47' title='bbox 1493 509 1634 569; x_wconf 86' lang='lat' dir='ltr'>Cete</span> 
     </span>
     <span class='ocr_line' id='line_1_18' title="bbox 244 588 1634 670; baseline 0.003 -25"><span class='ocrx_word' id='word_1_48' title='bbox 244 607 365 646; x_wconf 79' lang='lat' dir='ltr'>rum</span> <span class='ocrx_word' id='word_1_49' title='bbox 403 610 531 646; x_wconf 89' lang='lat' dir='ltr'>cum</span> <span class='ocrx_word' id='word_1_50' title='bbox 575 588 809 667; x_wconf 89' lang='lat' dir='ltr'>amplius</span> <span class='ocrx_word' id='word_1_51' title='bbox 841 611 1006 648; x_wconf 90' lang='lat' dir='ltr'>nemo</span> <span class='ocrx_word' id='word_1_52' title='bbox 1047 610 1417 666; x_wconf 81' lang='lat' dir='ltr'>occurreret3</span> <span class='ocrx_word' id='word_1_53' title='bbox 1448 592 1634 670; x_wconf 73' lang='lat' dir='ltr'>Ephae1</span> 
     </span>
     <span class='ocr_line' id='line_1_19' title="bbox 245 669 1645 754; baseline 0.004 -26"><span class='ocrx_word' id='word_1_54' title='bbox 245 670 457 728; x_wconf 82' lang='lat' dir='ltr'>tionem</span> <span class='ocrx_word' id='word_1_55' title='bbox 483 678 539 726; x_wconf 72' lang='grc' dir='ltr'>ὅ(</span> <span class='ocrx_word' id='word_1_56' title='bbox 567 669 871 728; x_wconf 82' lang='lat' dir='ltr'>Perdiccan</span> <span class='ocrx_word' id='word_1_57' title='bbox 899 693 1026 730; x_wconf 87' lang='lat' dir='ltr'>cum</span> <span class='ocrx_word' id='word_1_58' title='bbox 1054 678 1342 752; x_wconf 80' lang='lat' dir='ltr'>copiarum</span> <span class='ocrx_word' id='word_1_59' title='bbox 1366 693 1519 752; x_wconf 87' lang='lat' dir='ltr'>parte</span> <span class='ocrx_word' id='word_1_60' title='bbox 1537 675 1645 754; x_wconf 55' lang='lat' dir='ltr'>⁴pra-</span> 
     </span>
     <span class='ocr_line' id='line_1_20' title="bbox 247 748 1635 834; baseline 0.004 -26"><span class='ocrx_word' id='word_1_61' title='bbox 247 753 394 808; x_wconf 80' lang='lat' dir='ltr'>misit</span> <span class='ocrx_word' id='word_1_62' title='bbox 432 749 498 809; x_wconf 86' lang='lat' dir='ltr'>ad</span> <span class='ocrx_word' id='word_1_63' title='bbox 524 748 864 831; x_wconf 85' lang='lat' dir='ltr'>subigendos</span> <span class='ocrx_word' id='word_1_64' title='bbox 889 794 904 820; x_wconf 85' lang='lat'>,</span> <span class='ocrx_word' id='word_1_65' title='bbox 940 755 1036 833; x_wconf 88' lang='lat' dir='ltr'>qui</span> <span class='ocrx_word' id='word_1_66' title='bbox 1075 775 1460 813; x_wconf 76' lang='lat' dir='ltr'>aversarentur</span> <span class='ocrx_word' id='word_1_67' title='bbox 1494 757 1635 834; x_wconf 86' lang='lat' dir='ltr'>impe</span> 
     </span>
     <span class='ocr_line' id='line_1_21' title="bbox 231 832 1636 916; baseline 0.004 -25"><span class='ocrx_word' id='word_1_68' title='bbox 231 835 393 891; x_wconf 75' lang='lat' dir='ltr'>&#39;rium</span> <span class='ocrx_word' id='word_1_69' title='bbox 420 853 432 888; x_wconf 75' lang='grc' dir='ltr'><em>τ</em></span> <span class='ocrx_word' id='word_1_70' title='bbox 468 833 736 913; x_wconf 86' lang='lat' dir='ltr'>jussitque</span> <span class='ocrx_word' id='word_1_71' title='bbox 770 832 839 892; x_wconf 88' lang='lat' dir='ltr'>ad</span> <span class='ocrx_word' id='word_1_72' title='bbox 868 833 1077 893; x_wconf 90' lang='lat' dir='ltr'>flumen</span> <span class='ocrx_word' id='word_1_73' title='bbox 1106 835 1308 893; x_wconf 86' lang='lat' dir='ltr'>Indum</span> <span class='ocrx_word' id='word_1_74' title='bbox 1333 836 1636 916; x_wconf 81' lang='lat' dir='ltr'>procedere</span> 
     </span>
     <span class='ocr_line' id='line_1_22' title="bbox 250 913 1636 998; baseline 0.003 -25"><span class='ocrx_word' id='word_1_75' title='bbox 250 918 307 973; x_wconf 84' lang='lat'>&amp;</span> <span class='ocrx_word' id='word_1_76' title='bbox 343 918 560 992; x_wconf 81' lang='lat' dir='ltr'>navigia</span> <span class='ocrx_word' id='word_1_77' title='bbox 587 913 767 974; x_wconf 88' lang='lat' dir='ltr'>facere</span> <span class='ocrx_word' id='word_1_78' title='bbox 793 959 809 984; x_wconf 81' lang='grc'>,</span> <span class='ocrx_word' id='word_1_79' title='bbox 846 915 969 995; x_wconf 75' lang='lat' dir='ltr'>quis</span> <span class='ocrx_word' id='word_1_80' title='bbox 1000 918 1361 989; x_wconf 51' lang='lat' dir='ltr'>¹inulteriora</span> <span class='ocrx_word' id='word_1_81' title='bbox 1394 939 1636 998; x_wconf 80' lang='lat' dir='ltr'>transpoi</span> 
     </span>
     <span class='ocr_line' id='line_1_23' title="bbox 247 996 1636 1079; baseline 0.004 -26"><span class='ocrx_word' id='word_1_82' title='bbox 247 997 351 1055; x_wconf 70' lang='lat' dir='ltr'>tari</span> <span class='ocrx_word' id='word_1_83' title='bbox 388 1013 576 1073; x_wconf 81' lang='lat' dir='ltr'>posset</span> <span class='ocrx_word' id='word_1_84' title='bbox 614 1000 908 1056; x_wconf 84' lang='lat' dir='ltr'>exercitus.</span> <span class='ocrx_word' id='word_1_85' title='bbox 949 996 1042 1056; x_wconf 84' lang='lat' dir='ltr'>Illi</span> <span class='ocrx_word' id='word_1_86' title='bbox 1083 1001 1208 1079; x_wconf 86' lang='lat' dir='ltr'>quia</span> <span class='ocrx_word' id='word_1_87' title='bbox 1248 999 1408 1079; x_wconf 88' lang='lat' dir='ltr'>plura</span> <span class='ocrx_word' id='word_1_88' title='bbox 1446 999 1636 1058; x_wconf 82' lang='lat' dir='ltr'>flumin</span> 
     </span>
     <span class='ocr_line' id='line_1_24' title="bbox 228 1077 1636 1156; baseline 0.006 -23"><span class='ocrx_word' id='word_1_89' title='bbox 228 1077 551 1156; x_wconf 64' lang='lat' dir='ltr'>⁴superanda</span> <span class='ocrx_word' id='word_1_90' title='bbox 588 1100 741 1137; x_wconf 86' lang='lat' dir='ltr'>erant</span> <span class='ocrx_word' id='word_1_91' title='bbox 764 1124 780 1148; x_wconf 82' lang='lat'><em>‚</em></span> <span class='ocrx_word' id='word_1_92' title='bbox 814 1081 888 1138; x_wconf 91' lang='lat' dir='ltr'>sic</span> <span class='ocrx_word' id='word_1_93' title='bbox 929 1082 1158 1156; x_wconf 83' lang='lat' dir='ltr'>junxere</span> <span class='ocrx_word' id='word_1_94' title='bbox 1186 1103 1388 1150; x_wconf 80' lang='lat' dir='ltr'>naveS‚</span> <span class='ocrx_word' id='word_1_95' title='bbox 1423 1101 1486 1140; x_wconf 84' lang='lat' dir='ltr'>ut</span> <span class='ocrx_word' id='word_1_96' title='bbox 1521 1082 1636 1141; x_wconf 89' lang='lat' dir='ltr'>solu</span> 
     </span>
     <span class='ocr_line' id='line_1_25' title="bbox 245 1158 1638 1243; baseline 0.004 -26"><span class='ocrx_word' id='word_1_97' title='bbox 245 1180 320 1217; x_wconf 62' lang='lat' dir='ltr'>tae</span> <span class='ocrx_word' id='word_1_98' title='bbox 363 1158 613 1236; x_wconf 75' lang='lat' dir='ltr'>plaustris</span> <span class='ocrx_word' id='word_1_99' title='bbox 650 1162 776 1221; x_wconf 85' lang='lat' dir='ltr'>vehi</span> <span class='ocrx_word' id='word_1_100' title='bbox 806 1182 1069 1240; x_wconf 78' lang='lat' dir='ltr'>possent,</span> <span class='ocrx_word' id='word_1_101' title='bbox 1109 1183 1408 1242; x_wconf 85' lang='lat' dir='ltr'>rursusque</span> <span class='ocrx_word' id='word_1_102' title='bbox 1435 1167 1638 1243; x_wconf 76' lang='lat' dir='ltr'>conjun</span> 
     </span>
     <span class='ocr_line' id='line_1_26' title="bbox 248 1239 1630 1326; baseline -0.001 -24"><span class='ocrx_word' id='word_1_103' title='bbox 248 1248 325 1323; x_wconf 85' lang='lat' dir='ltr'>gi.</span> <span class='ocrx_word' id='word_1_104' title='bbox 361 1240 486 1301; x_wconf 84' lang='lat' dir='ltr'>Post</span> <span class='ocrx_word' id='word_1_105' title='bbox 510 1240 561 1300; x_wconf 91' lang='lat' dir='ltr'>se</span> <span class='ocrx_word' id='word_1_106' title='bbox 588 1241 827 1301; x_wconf 85' lang='lat' dir='ltr'>Cratero</span> <span class='ocrx_word' id='word_1_107' title='bbox 855 1264 981 1300; x_wconf 89' lang='lat' dir='ltr'>cum</span> <span class='ocrx_word' id='word_1_108' title='bbox 1010 1239 1282 1322; x_wconf 73' lang='lat' dir='ltr'>phalange</span> <span class='ocrx_word' id='word_1_109' title='bbox 1308 1247 1458 1323; x_wconf 78' lang='lat' dir='ltr'>jusso</span> <span class='ocrx_word' id='word_1_110' title='bbox 1482 1242 1630 1326; x_wconf 88' lang='lat' dir='ltr'>sequi</span> 
     </span>
     <span class='ocr_line' id='line_1_27' title="bbox 248 1324 1640 1404; baseline -0.001 -19"><span class='ocrx_word' id='word_1_111' title='bbox 248 1325 558 1404; x_wconf 72' lang='lat' dir='ltr'>equitatum</span> <span class='ocrx_word' id='word_1_112' title='bbox 594 1345 656 1380; x_wconf 85' lang='lat' dir='ltr'>ac</span> <span class='ocrx_word' id='word_1_113' title='bbox 686 1324 864 1382; x_wconf 90' lang='lat' dir='ltr'>levem</span> <span class='ocrx_word' id='word_1_114' title='bbox 912 1344 1242 1383; x_wconf 86' lang='lat' dir='ltr'>armaturam</span> <span class='ocrx_word' id='word_1_115' title='bbox 1276 1324 1512 1400; x_wconf 84' lang='lat' dir='ltr'>eduxit3</span> <span class='ocrx_word' id='word_1_116' title='bbox 1554 1327 1640 1386; x_wconf 76' lang='lat' dir='ltr'>eol</span> 
     </span>
     <span class='ocr_line' id='line_1_28' title="bbox 248 1404 1643 1487; baseline 0.001 -24"><span class='ocrx_word' id='word_1_117' title='bbox 248 1428 396 1487; x_wconf 85' lang='lat' dir='ltr'>que,</span> <span class='ocrx_word' id='word_1_118' title='bbox 441 1407 532 1485; x_wconf 89' lang='lat' dir='ltr'>qui</span> <span class='ocrx_word' id='word_1_119' title='bbox 568 1424 964 1473; x_wconf 83' lang='lat' dir='ltr'>occurrerant,</span> <span class='ocrx_word' id='word_1_120' title='bbox 1006 1404 1118 1468; x_wconf 89' lang='lat' dir='ltr'>levi</span> <span class='ocrx_word' id='word_1_121' title='bbox 1157 1405 1350 1487; x_wconf 85' lang='lat' dir='ltr'>praelio</span> <span class='ocrx_word' id='word_1_122' title='bbox 1387 1408 1440 1464; x_wconf 88' lang='lat' dir='ltr'>in</span> <span class='ocrx_word' id='word_1_123' title='bbox 1480 1409 1643 1467; x_wconf 85' lang='lat' dir='ltr'>urben</span> 
     </span>
     <span class='ocr_line' id='line_1_29' title="bbox 248 1486 1349 1570; baseline -0.004 -24"><span class='ocrx_word' id='word_1_124' title='bbox 248 1489 562 1570; x_wconf 78' lang='lat' dir='ltr'>proximam</span> <span class='ocrx_word' id='word_1_125' title='bbox 597 1486 890 1565; x_wconf 82' lang='lat' dir='ltr'>compulit.</span> <span class='ocrx_word' id='word_1_126' title='bbox 1343 1518 1349 1524; x_wconf 89' lang='grc'><em>·</em></span> 
     </span>
    </p>

    <p class='ocr_par' dir='ltr' id='par_1_3' title="bbox 213 1566 1690 2791">
     <span class='ocr_line' id='line_1_30' title="bbox 334 1566 1647 1648; baseline -0.001 -20"><span class='ocrx_word' id='word_1_127' title='bbox 334 1570 456 1628; x_wconf 86' lang='lat' dir='ltr'>Jam</span> <span class='ocrx_word' id='word_1_128' title='bbox 478 1567 873 1647; x_wconf 84' lang='lat' dir='ltr'>supervenerat</span> <span class='ocrx_word' id='word_1_129' title='bbox 900 1567 1186 1628; x_wconf 81' lang='lat' dir='ltr'>Craterus,</span> <span class='ocrx_word' id='word_1_130' title='bbox 1221 1566 1424 1648; x_wconf 88' lang='lat' dir='ltr'>Itaque</span> <span class='ocrx_word' id='word_1_131' title='bbox 1449 1587 1512 1627; x_wconf 89' lang='lat' dir='ltr'>ut</span> <span class='ocrx_word' id='word_1_132' title='bbox 1531 1569 1647 1648; x_wconf 89' lang='lat' dir='ltr'>prin</span> 
     </span>
     <span class='ocr_line' id='line_1_31' title="bbox 247 1648 1648 1730; baseline -0.004 -20"><span class='ocrx_word' id='word_1_133' title='bbox 247 1652 396 1730; x_wconf 87' lang='lat' dir='ltr'>cipio</span> <span class='ocrx_word' id='word_1_134' title='bbox 437 1670 707 1708; x_wconf 85' lang='lat' dir='ltr'>terrorem</span> <span class='ocrx_word' id='word_1_135' title='bbox 754 1650 1031 1709; x_wconf 87' lang='lat' dir='ltr'>incuteret</span> <span class='ocrx_word' id='word_1_136' title='bbox 1062 1652 1217 1729; x_wconf 87' lang='lat' dir='ltr'>genti</span> <span class='ocrx_word' id='word_1_137' title='bbox 1254 1648 1503 1708; x_wconf 92' lang='lat' dir='ltr'>nondum</span> <span class='ocrx_word' id='word_1_138' title='bbox 1530 1670 1648 1709; x_wconf 85' lang='lat' dir='ltr'>arm:</span> 
     </span>
     <span class='ocr_line' id='line_1_32' title="bbox 213 1731 1647 1811; baseline -0.001 -21"><span class='ocrx_word' id='word_1_139' title='bbox 213 1748 216 1753; x_wconf 82' lang='grc'><strong>’</strong></span> <span class='ocrx_word' id='word_1_140' title='bbox 247 1731 631 1792; x_wconf 84' lang='lat' dir='ltr'>Macedonum</span> <span class='ocrx_word' id='word_1_141' title='bbox 672 1752 958 1810; x_wconf 81' lang='lat' dir='ltr'>expertae3</span> <span class='ocrx_word' id='word_1_142' title='bbox 994 1732 1249 1811; x_wconf 72' lang='lat' dir='ltr'>praecipit</span> <span class='ocrx_word' id='word_1_143' title='bbox 1285 1753 1346 1786; x_wconf 81' lang='lat' dir='ltr'>ne</span> <span class='ocrx_word' id='word_1_144' title='bbox 1376 1733 1461 1786; x_wconf 80' lang='lat' dir='ltr'>cui</span> <span class='ocrx_word' id='word_1_145' title='bbox 1493 1749 1647 1811; x_wconf 76' lang='lat' dir='ltr'>parce</span> 
     </span>
     <span class='ocr_line' id='line_1_33' title="bbox 216 1810 1649 1892; baseline 0.003 -24"><span class='ocrx_word' id='word_1_146' title='bbox 216 1836 219 1838; x_wconf 88' lang='lat'>·</span> <span class='ocrx_word' id='word_1_147' title='bbox 245 1832 385 1870; x_wconf 73' lang='lat' dir='ltr'>retur</span> <span class='ocrx_word' id='word_1_148' title='bbox 403 1857 421 1882; x_wconf 84' lang='lat'>‚</span> <span class='ocrx_word' id='word_1_149' title='bbox 453 1814 809 1871; x_wconf 84' lang='lat' dir='ltr'>munimentis</span> <span class='ocrx_word' id='word_1_150' title='bbox 836 1813 987 1871; x_wconf 90' lang='lat' dir='ltr'>urbis</span> <span class='ocrx_word' id='word_1_151' title='bbox 1006 1857 1020 1881; x_wconf 86' lang='lat'>‚</span> <span class='ocrx_word' id='word_1_152' title='bbox 1057 1836 1223 1892; x_wconf 85' lang='lat' dir='ltr'>quam</span> <span class='ocrx_word' id='word_1_153' title='bbox 1248 1810 1574 1883; x_wconf 86' lang='lat' dir='ltr'>obsidebat,</span> <span class='ocrx_word' id='word_1_154' title='bbox 1597 1813 1649 1872; x_wconf 88' lang='lat' dir='ltr'>in</span> 
     </span>
     <span class='ocr_line' id='line_1_34' title="bbox 247 1893 1634 1973; baseline -0.001 -18"><span class='ocrx_word' id='word_1_155' title='bbox 247 1897 443 1955; x_wconf 86' lang='lat' dir='ltr'>censis.</span> <span class='ocrx_word' id='word_1_156' title='bbox 483 1894 753 1953; x_wconf 86' lang='lat' dir='ltr'>Ceterum</span> <span class='ocrx_word' id='word_1_157' title='bbox 790 1893 924 1952; x_wconf 90' lang='lat' dir='ltr'>dum</span> <span class='ocrx_word' id='word_1_158' title='bbox 956 1893 1324 1973; x_wconf 84' lang='lat' dir='ltr'>obequitabat</span> <span class='ocrx_word' id='word_1_159' title='bbox 1360 1894 1634 1954; x_wconf 73' lang='lat' dir='ltr'>moenibus</span> 
     </span>
     <span class='ocr_line' id='line_1_35' title="bbox 246 1973 1655 2056; baseline -0.003 -21"><span class='ocrx_word' id='word_1_160' title='bbox 246 1976 442 2056; x_wconf 81' lang='lat' dir='ltr'>sagitta</span> <span class='ocrx_word' id='word_1_161' title='bbox 469 1978 604 2034; x_wconf 61' lang='lat' dir='ltr'>icius</span> <span class='ocrx_word' id='word_1_162' title='bbox 626 1973 715 2033; x_wconf 88' lang='lat' dir='ltr'>est</span> <span class='ocrx_word' id='word_1_163' title='bbox 748 1974 920 2055; x_wconf 87' lang='lat' dir='ltr'>Cepit</span> <span class='ocrx_word' id='word_1_164' title='bbox 944 1995 1127 2034; x_wconf 89' lang='lat' dir='ltr'>tamen</span> <span class='ocrx_word' id='word_1_165' title='bbox 1155 1973 1430 2054; x_wconf 88' lang='lat' dir='ltr'>oppidum</span> <span class='ocrx_word' id='word_1_166' title='bbox 1447 2020 1461 2037; x_wconf 81' lang='lat'><em>,</em></span> <span class='ocrx_word' id='word_1_167' title='bbox 1484 1980 1540 2036; x_wconf 66' lang='grc' dir='ltr'>δε</span> <span class='ocrx_word' id='word_1_168' title='bbox 1563 1998 1655 2035; x_wconf 55' lang='lat' dir='ltr'>om&gt;</span> 
     </span>
     <span class='ocr_line' id='line_1_36' title="bbox 248 2055 1659 2134; baseline 0 -17"><span class='ocrx_word' id='word_1_169' title='bbox 248 2061 414 2118; x_wconf 85' lang='lat' dir='ltr'>nibus</span> <span class='ocrx_word' id='word_1_170' title='bbox 447 2058 644 2116; x_wconf 86' lang='lat' dir='ltr'>incolis</span> <span class='ocrx_word' id='word_1_171' title='bbox 676 2058 792 2134; x_wconf 86' lang='lat' dir='ltr'>ejus</span> <span class='ocrx_word' id='word_1_172' title='bbox 825 2055 1111 2116; x_wconf 84' lang='lat' dir='ltr'>trucidatis</span> <span class='ocrx_word' id='word_1_173' title='bbox 1137 2060 1302 2116; x_wconf 89' lang='lat' dir='ltr'>etiam</span> <span class='ocrx_word' id='word_1_174' title='bbox 1334 2057 1389 2112; x_wconf 90' lang='lat' dir='ltr'>in</span> <span class='ocrx_word' id='word_1_175' title='bbox 1415 2059 1557 2116; x_wconf 64' lang='lat' dir='ltr'>tedia</span> <span class='ocrx_word' id='word_1_176' title='bbox 1578 2055 1659 2118; x_wconf 56' lang='lat' dir='ltr'>sae‘</span> 
     </span>
     <span class='ocr_line' id='line_1_37' title="bbox 249 2136 1626 2217; baseline 0.001 -19"><span class='ocrx_word' id='word_1_177' title='bbox 249 2142 430 2199; x_wconf 89' lang='lat' dir='ltr'>vitum</span> <span class='ocrx_word' id='word_1_178' title='bbox 481 2137 577 2197; x_wconf 90' lang='lat' dir='ltr'>est.</span> <span class='ocrx_word' id='word_1_179' title='bbox 627 2136 771 2196; x_wconf 88' lang='lat' dir='ltr'>Inde</span> <span class='ocrx_word' id='word_1_180' title='bbox 820 2137 1032 2198; x_wconf 88' lang='lat' dir='ltr'>domita</span> <span class='ocrx_word' id='word_1_181' title='bbox 1078 2137 1313 2217; x_wconf 82' lang='lat' dir='ltr'>ignobili</span> <span class='ocrx_word' id='word_1_182' title='bbox 1360 2158 1561 2217; x_wconf 85' lang='lat' dir='ltr'>gente,</span> <span class='ocrx_word' id='word_1_183' title='bbox 1601 2159 1626 2198; x_wconf 79' lang='lat' dir='ltr'>a</span> 
     </span>
     <span class='ocr_line' id='line_1_38' title="bbox 250 2214 1662 2304; baseline -0.001 -25"><span class='ocrx_word' id='word_1_184' title='bbox 250 2223 470 2304; x_wconf 86' lang='lat' dir='ltr'>Nysam</span> <span class='ocrx_word' id='word_1_185' title='bbox 524 2218 720 2278; x_wconf 87' lang='lat' dir='ltr'>urbem</span> <span class='ocrx_word' id='word_1_186' title='bbox 767 2221 1041 2297; x_wconf 88' lang='lat' dir='ltr'>pervenit.</span> <span class='ocrx_word' id='word_1_187' title='bbox 1094 2220 1269 2278; x_wconf 87' lang='lat' dir='ltr'>Forte</span> <span class='ocrx_word' id='word_1_188' title='bbox 1316 2218 1501 2278; x_wconf 87' lang='lat' dir='ltr'>castris</span> <span class='ocrx_word' id='word_1_189' title='bbox 1545 2214 1662 2280; x_wconf 76' lang='lat' dir='ltr'>afite·</span> 
     </span>
     <span class='ocr_line' id='line_1_39' title="bbox 251 2299 1669 2380; baseline -0.001 -20"><span class='ocrx_word' id='word_1_190' title='bbox 251 2308 456 2362; x_wconf 84' lang='lat' dir='ltr'>moenia</span> <span class='ocrx_word' id='word_1_191' title='bbox 495 2301 611 2379; x_wconf 88' lang='lat' dir='ltr'>ipsa</span> <span class='ocrx_word' id='word_1_192' title='bbox 648 2305 703 2359; x_wconf 90' lang='lat' dir='ltr'>in</span> <span class='ocrx_word' id='word_1_193' title='bbox 743 2299 974 2359; x_wconf 85' lang='lat' dir='ltr'>silvestri</span> <span class='ocrx_word' id='word_1_194' title='bbox 1013 2300 1146 2360; x_wconf 89' lang='lat' dir='ltr'>loco</span> <span class='ocrx_word' id='word_1_195' title='bbox 1184 2300 1375 2380; x_wconf 87' lang='lat' dir='ltr'>positis</span> <span class='ocrx_word' id='word_1_196' title='bbox 1398 2342 1415 2370; x_wconf 83' lang='lat'><strong><em>,</em></strong></span> <span class='ocrx_word' id='word_1_197' title='bbox 1452 2303 1669 2360; x_wconf 56' lang='lat' dir='ltr'>noeiufi</span> 
     </span>
     <span class='ocr_line' id='line_1_40' title="bbox 249 2380 1661 2463; baseline -0.002 -20"><span class='ocrx_word' id='word_1_198' title='bbox 249 2406 384 2443; x_wconf 90' lang='lat' dir='ltr'>num</span> <span class='ocrx_word' id='word_1_199' title='bbox 417 2381 590 2461; x_wconf 87' lang='lat' dir='ltr'>frigus</span> <span class='ocrx_word' id='word_1_200' title='bbox 629 2381 1013 2444; x_wconf 85' lang='lat' dir='ltr'>vehementius</span> <span class='ocrx_word' id='word_1_201' title='bbox 1062 2405 1230 2463; x_wconf 87' lang='lat' dir='ltr'>quam</span> <span class='ocrx_word' id='word_1_202' title='bbox 1273 2380 1404 2441; x_wconf 85' lang='lat' dir='ltr'>alias</span> <span class='ocrx_word' id='word_1_203' title='bbox 1445 2382 1661 2441; x_wconf 51' lang='lat' dir='ltr'>horrore¹</span> 
     </span>
     <span class='ocr_line' id='line_1_41' title="bbox 250 2460 1682 2547; baseline 0 -22"><span class='ocrx_word' id='word_1_204' title='bbox 250 2486 491 2543; x_wconf 88' lang='lat' dir='ltr'>corpora</span> <span class='ocrx_word' id='word_1_205' title='bbox 533 2460 719 2521; x_wconf 84' lang='lat' dir='ltr'>affecit</span> <span class='ocrx_word' id='word_1_206' title='bbox 760 2504 777 2530; x_wconf 91' lang='lat'>‚</span> <span class='ocrx_word' id='word_1_207' title='bbox 833 2484 1332 2543; x_wconf 87' lang='lat' dir='ltr'>opportunumque</span> <span class='ocrx_word' id='word_1_208' title='bbox 1375 2463 1682 2547; x_wconf 28' lang='lat' dir='ltr'>remedium?</span> 
     </span>
     <span class='ocr_line' id='line_1_42' title="bbox 249 2542 1690 2627; baseline -0.001 -23"><span class='ocrx_word' id='word_1_209' title='bbox 249 2548 391 2627; x_wconf 89' lang='lat' dir='ltr'>ignis</span> <span class='ocrx_word' id='word_1_210' title='bbox 430 2544 683 2603; x_wconf 87' lang='lat' dir='ltr'>oblatum</span> <span class='ocrx_word' id='word_1_211' title='bbox 729 2542 825 2602; x_wconf 89' lang='lat' dir='ltr'>est.</span> <span class='ocrx_word' id='word_1_212' title='bbox 867 2543 1043 2603; x_wconf 84' lang='lat' dir='ltr'>Caesis</span> <span class='ocrx_word' id='word_1_213' title='bbox 1080 2547 1288 2624; x_wconf 88' lang='lat' dir='ltr'>quippe</span> <span class='ocrx_word' id='word_1_214' title='bbox 1327 2543 1478 2604; x_wconf 90' lang='lat' dir='ltr'>silvis</span> <span class='ocrx_word' id='word_1_215' title='bbox 1515 2542 1690 2603; x_wconf 75' lang='lat' dir='ltr'>flam-¹</span> 
     </span>
     <span class='ocr_line' id='line_1_43' title="bbox 253 2624 1690 2705; baseline -0.003 -18"><span class='ocrx_word' id='word_1_216' title='bbox 253 2651 400 2687; x_wconf 88' lang='lat' dir='ltr'>mam</span> <span class='ocrx_word' id='word_1_217' title='bbox 428 2626 849 2686; x_wconf 74' lang='lat' dir='ltr'>excitaverunt:</span> <span class='ocrx_word' id='word_1_218' title='bbox 885 2647 1009 2704; x_wconf 84' lang='lat' dir='ltr'>quae</span> <span class='ocrx_word' id='word_1_219' title='bbox 1047 2628 1161 2705; x_wconf 85' lang='lat' dir='ltr'>igni</span> <span class='ocrx_word' id='word_1_220' title='bbox 1203 2625 1333 2686; x_wconf 87' lang='lat' dir='ltr'>alita</span> <span class='ocrx_word' id='word_1_221' title='bbox 1367 2624 1690 2705; x_wconf 61' lang='lat' dir='ltr'>oppidano-r</span> 
     </span>
     <span class='ocr_line' id='line_1_44' title="bbox 252 2704 1662 2791; baseline -0.003 -22"><span class='ocrx_word' id='word_1_222' title='bbox 252 2721 385 2769; x_wconf 73' lang='lat' dir='ltr'>rum&gt;</span> <span class='ocrx_word' id='word_1_223' title='bbox 416 2706 704 2791; x_wconf 81' lang='lat' dir='ltr'>sepulchra</span> <span class='ocrx_word' id='word_1_224' title='bbox 749 2706 1196 2788; x_wconf 84' lang='lat' dir='ltr'>comprehendit.</span> <span class='ocrx_word' id='word_1_225' title='bbox 1239 2705 1471 2769; x_wconf 86' lang='lat' dir='ltr'>Vetusta</span> <span class='ocrx_word' id='word_1_226' title='bbox 1507 2704 1662 2768; x_wconf 75' lang='lat' dir='ltr'>cedre</span> 
     </span>
    </p>
   </div>
  </div>
 </body>
</html>
