1690 3067
235 95 498 151 LlVRE
536 100 602 147 X.
641 89 1105 146 CHAPI‘TRE
1143 89 1239 148 JV.
1389 102 1483 163 539²

54 182 296 246 tolerare
341 182 581 243 solitum.
623 181 722 241 Ab
760 181 842 239 his
878 180 1169 241 Persarum
1202 202 1362 262 reges
1393 204 1486 241 an-

53 288 170 326 nuo
189 266 406 326 tributo
433 286 630 345 pacem
655 262 927 324 redimere
951 284 1357 323 consueverant
1375 307 1392 333 ,
1415 285 1486 324 ne

53 348 112 410 in
135 347 376 427 subjetf’ta
404 346 762 407 decurrentes
791 342 1038 403 infestam
1071 343 1376 405 latrociniis
1402 369 1487 405 re-

52 431 280 509 gionem
317 426 584 489 facerent.
623 427 771 486 Nam
817 428 930 487 vim
968 445 1250 485 tentantes
1289 427 1484 488 Persas

49 510 213 571 facile
237 512 586 590 repulerant,
614 513 910 588 asperitate
941 507 1201 566 locorum
1228 507 1474 581 defensi,

51 594 108 652 in
135 614 260 673 quae
283 592 335 651 se
362 591 702 672 recipiebant
729 633 743 658 ,
792 590 1015 670 quoties
1052 591 1213 649 armis
1249 588 1479 670 supera-

39 674 276 746 bantur.
297 672 479 733 Iidem
506 672 827 732 muneribus
850 691 990 751 quot
1009 676 1161 730 annis
1184 670 1483 752 placaban-

48 775 173 826 tur,
195 775 259 815 ut
284 757 402 835 regi
426 755 725 814 Ecbatanis
746 798 761 824 ,
792 753 888 812 ubi
913 752 1093 813 aestiva
1117 751 1334 813 solebat
1354 777 1481 835 age-

52 860 111 898 re
131 881 149 907 ,
184 836 538 919 Babylonem
564 838 884 915 remigranti
907 879 924 904 ,
955 854 1110 894 tutus
1136 856 1234 914 per
1261 858 1321 895 ea
1352 836 1481 899 loca

23 960 27 967 ‚
48 921 310 979 transitus
331 939 491 978 esset.
520 920 645 978 Hos
665 920 833 997 igitur
855 916 1183 977 Alexander
1207 917 1480 996 bipartito

50 1003 269 1081 agmine
299 1022 624 1081 aggressus,
647 1002 791 1058 intra
818 999 1185 1079 quadraginta
1212 999 1328 1058 dies
1354 1021 1484 1079 per-

50 1078 291 1142 domuit}
313 1084 460 1141 Nam
489 1083 557 1141 ab
586 1083 707 1160 ipso
731 1103 891 1160 rege,
913 1086 989 1140 ἃ
1012 1079 1353 1151 PtolemaeO,
1382 1085 1481 1162 qui

50 1169 265 1244 partem
300 1165 576 1223 exercitus
602 1163 877 1230 ducebar,
903 1160 1045 1241 saepe
1079 1164 1238 1230 caesi,
1265 1183 1328 1220 ut
1350 1186 1481 1242 cap-

47 1252 198 1307 tivos
221 1245 347 1304 suos
374 1250 717 1325 reciperent,
743 1245 1038 1324 permisere
1060 1242 1112 1302 se
1134 1245 1350 1305 vioiori.
1369 1244 1480 1306 Ille

46 1327 259 1388 validas
299 1327 464 1386 urbes
507 1330 840 1405 opportunis
877 1325 1017 1384 locis
1060 1326 1242 1384 extrui
1276 1328 1433 1405 jussit
1459 1370 1476 1397 ,

49 1429 119 1469 ne
167 1408 413 1468 abducio
460 1408 708 1468 exercitu
751 1404 865 1465 fera
912 1427 1048 1487 gens
1097 1406 1478 1469 obedientiam

49 1511 299 1550 exueret.
343 1489 519 1549 Motis
544 1487 883 1557 indecastris
905 1531 923 1559 ,
957 1507 1020 1547 ut
1053 1488 1285 1549 militem
1311 1511 1481 1568 expe-

49 1571 264 1631 ditione
290 1573 503 1631 recenti
525 1569 732 1630 fessum
755 1568 1012 1629 reficeret
1030 1613 1048 1640 ,
1073 1568 1232 1630 lento
1257 1575 1476 1650 agmine

45 1653 403 1736 Babylonem
444 1651 811 1732 procedebat.
847 1652 1082 1730 Jamque
1118 1653 1214 1711 vix
1245 1654 1474 1734 triginta

45 1735 116 1796 ab
151 1736 288 1795 urbe
314 1734 497 1796 stadiis
529 1735 719 1794 aberat
744 1754 762 1804 3
799 1755 927 1792 cum
948 1733 1240 1793 Nearchus
1265 1757 1476 1794 occur-

41 1820 144 1886 rit,
170 1839 338 1898 quem
362 1839 461 1897 per
482 1817 780 1876 Oceanum
799 1819 856 1874 ὃς
882 1815 1184 1893 Euphratis
1206 1815 1338 1876 ostia
1360 1817 1474 1876 Ba-

45 1900 313 1980 bylonem
351 1903 725 1979 praemiserat:
764 1897 1074 1976 orabatque
1099 1940 1118 1966 ,
1156 1919 1217 1952 ne
1241 1899 1473 1973 fatalem

42 1981 140 2038 sibi
165 1980 344 2037 urbem
378 1983 535 2037 vellet
569 1977 787 2058 ingredi.
831 1982 1165 2057 Compertnm
1191 1977 1250 2034 id
1289 1978 1387 2035 sibi
1409 2000 1473 2035 ex

45 2061 299 2120 Chaldaeis
313 2107 330 2132 ,
359 2065 447 2142 qni
474 2063 648 2117 multis
665 2064 781 2132 jam
801 2056 1178 2140 praedifflionnm
1203 2058 1468 2117 eventibus

42 2146 173 2201 artis
188 2144 287 2218 snae
318 2141 677 2199 certitudinem
709 2138 916 2197 abunde
932 2139 1302 2220 probavissent.
1340 2141 1470 2201 Rex

43 2225 188 2286 fama
226 2247 421 2285 eorum
464 2225 751 2283 hominum
777 2266 793 2291 ,
827 2221 1212 2303 constantique
1245 2245 1472 2286 asseve-

44 2309 258 2368 ratione
296 2327 482 2367 motus
515 2350 531 2377 ,
566 2304 801 2367 dimissis
841 2305 895 2362 in
932 2304 1126 2364 urbem
1161 2311 1471 2367 amicorum

43 2389 322 2470 plerisque
343 2431 358 2457 ,
395 2388 497 2448 alia
538 2390 626 2450 via
661 2406 862 2467 praeter
888 2386 1242 2469 Babylonem
1269 2387 1428 2447 ducit
1449 2429 1468 2456 ,

44 2493 109 2530 ac
138 2470 392 2529 ducentis
431 2470 560 2529 inde
598 2469 779 2530 stadiis
816 2466 1010 2527 stativa
1043 2469 1214 2528 locat.
1249 2468 1361 2527 Sed
1400 2469 1470 2528 ab

46 2552 388 2612 Anaxarcho
411 2572 699 2631 persuasus
715 2593 730 2618 ,
753 2551 1050 2609 contemtis
1070 2549 1471 2610 Chaldaeorum

48 2635 272 2693 monitis
301 2676 316 2702 ,
358 2655 597 2712 quorum
633 2632 978 2710 disciplinam
1005 2633 1220 2692 inanem
1255 2652 1348 2691 aut
1384 2630 1477 2695 sue

47 2737 384 2797 pervacuam
416 2714 820 2787 arbitrabatur,
853 2713 1048 2775 urbem
1074 2715 1265 2789 intrat.

1190 2809 1234 2861 Z
1255 2809 1301 2876 vj
