1690 3067
138 91 231 155 164
428 87 1326 161 QUINTE-CUR-6E;

130 178 281 238 haud
304 176 427 237 sane
451 177 718 238 indicium
742 181 1011 260 gravioris
1038 181 1255 240 consiiii
1277 178 1570 261 praeferent*

130 279 265 319 tem.
289 261 552 341 Namque
575 259 782 321 summa
804 265 920 338 ejus
944 262 1061 321 haec
1087 282 1205 321 erat
1230 283 1241 320 ε
1269 292 1299 315 22
1325 269 1564 343 primum

126 361 161 394 ³0
188 341 355 402 vestri
395 365 587 402 curam
624 345 807 422 agite:
842 343 1045 403 deinde
1090 343 1445 404 vestrorum:
1488 349 1569 408 sic

131 452 166 477 20
195 427 343 483 enim
368 446 493 505 quae
518 424 910 485 destinavimus
930 468 947 495 ,
983 424 1303 486 efficiemuS.
1335 426 1571 500 Adiecit-

126 533 162 558 ω
197 528 294 585 qne
329 528 414 562 rex
439 550 455 576 ,
492 509 568 566 sic
603 529 720 566 esse
754 505 1054 586 scriptam,
1096 528 1155 567 ut
1192 509 1306 567 sive
1333 507 1403 568 ad
1427 508 1572 571 filios

129 617 166 642 σο
195 590 539 668 pervenisset
557 612 577 663 3
607 613 636 648 a
661 591 898 648 consciis
935 611 1124 670 posset
1145 591 1422 670 intelligi3
1455 593 1571 652 sive

132 673 511 750 »intercepta
545 691 690 730 esset
710 695 730 745 3
772 669 988 730 falleret
1022 674 1262 750 ignarosss
1298 675 1384 731 At
1422 676 1570 732 enim

133 781 168 805 ευ
196 752 459 834 Dymnus
480 796 496 821 ,
530 775 658 812 cum
685 773 903 813 ceteros
929 756 1226 833 participes
1250 753 1466 814 sceleris
1492 758 1574 814 in-

134 863 168 885 20
198 835 412 895 dicaret
432 878 448 904 ,
475 835 735 895 Philotan
773 856 886 893 non
922 837 1250 895 nominavit·
1285 836 1420 895 Hoc
1445 843 1574 916 qui-

138 945 172 968 m
201 916 330 976 dem
355 917 500 975 illius
533 939 645 976 non
671 919 1007 976 innocentiae
1032 960 1050 986 ,
1084 915 1179 975 sed
1210 919 1477 996 potentiae
1498 923 1577 980 in-

137 1026 170 1049 2³
196 997 405 1058 dicium
431 998 508 1058 est
528 1043 546 1069 ,
577 999 731 1079 quod
758 1001 836 1059 sic
870 1000 939 1057 ab
963 1001 1026 1059 iis
1050 1000 1278 1058 timetur
1303 1004 1467 1060 etiam
1492 1045 1508 1072 ,
1543 1025 1573 1062 a

136 1109 169 1131 ω
199 1081 398 1159 quibus
425 1082 588 1161 prodi
613 1080 827 1161 potest,
857 1100 918 1139 ut
944 1104 1071 1140 cum
1092 1080 1161 1140 de
1185 1079 1237 1140 se
1258 1079 1571 1154 fateantur,

137 1189 170 1214 :n
198 1163 356 1221 ilium
397 1183 586 1223 tamen
626 1164 832 1223 celent.
881 1164 1152 1222 Ceterum
1195 1163 1453 1224 Philotan
1489 1167 1575 1245 ip-

135 1271 171 1296 so
200 1247 310 1304 sius
330 1244 540 1305 indicat
561 1248 694 1306 vita.
714 1247 829 1305 Hic
845 1244 1116 1327 Amyntae
1130 1287 1148 1314 ‚
1171 1245 1267 1324 qui
1293 1246 1425 1305 mihi
1444 1269 1578 1306 con-

138 1354 171 1377 20
199 1325 453 1387 sobrinus
484 1325 595 1387 fuit
616 1371 632 1397 ,
675 1331 734 1387 &
771 1329 826 1386 in
864 1326 1203 1386 Macedonia
1243 1329 1414 1406 capiti
1447 1351 1578 1389 meo

142 1436 180 1461 ευ
206 1411 399 1490 impias
449 1415 797 1489 comparavit
837 1409 1060 1468 insidias
1101 1452 1117 1477 ,
1173 1407 1384 1469 socium
1423 1409 1476 1470 se
1519 1414 1579 1471 &

139 1520 173 1544 ω
202 1491 492 1552 conscium
518 1491 792 1571 adjunxit.
813 1491 928 1550 Hic
951 1489 1155 1549 Attalo
1175 1535 1190 1560 ‚
1215 1512 1332 1571 quo
1352 1494 1579 1571 gravio-

140 1604 176 1629 :-
202 1597 319 1634 rem
356 1574 640 1634 inimicum
678 1594 793 1633 non
827 1573 1033 1642 habui,
1072 1571 1316 1631 sororem
1341 1574 1488 1634 suam
1523 1577 1580 1634 in

142 1686 176 1710 ω
203 1657 620 1716 matrimonium
665 1656 843 1717 dedit.
884 1658 1034 1725 Hic,
1073 1677 1199 1714 cum
1243 1654 1579 1737 scripsissem

141 1768 176 1793 ω
209 1740 259 1798 ei
282 1781 299 1808 ,
333 1760 438 1818 pro
467 1741 588 1817 jure
611 1759 728 1798 tam
752 1737 1028 1798 familiaris
1051 1737 1176 1795 usus
1202 1758 1369 1817 atque
1398 1741 1584 1798 amici·

142 1849 177 1875 ω
203 1825 295 1880 tiae
315 1863 333 1889 ,
367 1820 547 1901 qualis
570 1818 686 1880 sors
713 1820 862 1880 edita
888 1839 1030 1879 esset
1062 1819 1216 1879 Jovis
1242 1821 1578 1881 Hammonis

144 1932 180 1957 ω
209 1905 439 1962 oraculo
465 1945 482 1971 ,
517 1900 766 1962 sustinuit
792 1902 1095 1961 rescribere
1123 1901 1253 1959 mihi
1277 1929 1309 1951 α
1335 1922 1349 1958 1
1383 1901 1435 1961 se
1462 1904 1585 1983 qui-

145 1985 277 2044 dem
321 1984 590 2064 gratulari
622 2026 641 2054 ,
682 1984 838 2065 quod
882 1985 936 2040 in
981 2004 1277 2041 numerum
1322 1983 1583 2045 Deorum

148 2087 410 2146 receptus
432 2084 607 2125 essem
633 2087 645 2124 :
679 2085 928 2125 ceterum
950 2065 1193 2124 misereri
1213 2087 1407 2124 eorum
1425 2108 1440 2134 ,
1464 2068 1588 2146 qui-

148 2150 254 2208 bus
279 2147 584 2208 vivendum
610 2167 752 2207 esset
773 2147 872 2205 sub
899 2169 967 2205 eo
987 2191 1002 2215 ‚
1032 2147 1127 2225 qui
1154 2145 1385 2204 modum
1409 2147 1588 2207 homi-

148 2233 234 2289 nis
258 2229 575 2289 excederet.
610 2259 643 2281 ω
669 2229 812 2288 Haec
834 2229 957 2286 sunt
983 2230 1144 2286 etiam
1177 2230 1341 2286 animi
1365 2228 1587 2306 pridem

149 2341 184 2366 ω
213 2311 434 2370 alienati
455 2332 485 2368 a
520 2333 607 2368 me
635 2314 690 2368 δε
718 2309 1017 2369 invidentis
1047 2308 1241 2388 gloriae
1268 2331 1406 2367 meae
1445 2311 1587 2369 indi-

153 2423 189 2447 a>
217 2395 298 2453 cia
325 2416 337 2451 :
375 2413 499 2472 quae
537 2392 764 2472 quidem
787 2435 801 2459 ,
833 2391 1070 2458 milite3‚
1114 2390 1360 2469 quandiu
1388 2391 1588 2463 licuit,

153 2504 188 2529 ³0
213 2477 268 2532 in
295 2476 479 2534 animo
503 2496 632 2532 meo
657 2474 846 2554 pressi.
872 2471 1121 2531 Videbar
1143 2476 1289 2530 enim
1310 2473 1444 2532 mihi
1465 2495 1589 2552 par-

156 2586 190 2610 uo
217 2576 333 2616 tem
371 2558 646 2618 viscerum
685 2576 939 2614 meorum
981 2553 1312 2632 abrumpere
1339 2573 1358 2623 3
1394 2555 1437 2612 si
1469 2560 1587 2622 ,in

157 2667 191 2691 ω
220 2660 360 2717 quos
394 2658 504 2696 tam
541 2659 738 2717 magna
781 2635 1130 2696 contuleram
1151 2679 1167 2705 ,
1205 2633 1430 2693 viliores
1458 2637 1590 2694 mihi

158 2749 193 2774 ω
222 2719 483 2781 facerem.
508 2718 622 2779 Sed
645 2723 756 2801 jam
781 2739 893 2778 non
926 2718 1095 2780 verba
1120 2715 1401 2797 punienda
1428 2715 1592 2791 sunt}
1689 2793 1690 2797 Ἰ
