1690 3067
267 84 529 140 LJVRE
568 84 663 136 VJ.
703 73 1166 135 CHAPITRE
1216 86 1322 135 IX.
1453 84 1540 149 163

23 158 33 168 ⁰
114 205 149 231 :n
176 196 361 234 meum
381 171 703 232 subornavit
729 197 781 229 oc.
824 170 1100 230 Fremitus
1125 171 1372 251 undique
1402 171 1546 229 indi-

117 259 406 341 gnantium
448 254 912 334 querentiumque
953 272 1076 313 tota
1108 257 1381 312 concione
1412 250 1548 311 obs-

120 339 420 418 trepebat:
466 334 642 415 qualis
685 333 826 394 solet
870 355 985 393 esse
1029 333 1398 393 multitudinis
1425 378 1444 404 ,
1486 338 1546 394 &

117 421 354 480 maxime
379 416 669 488 militaris3
704 415 802 477 ubi
835 434 931 477 aut
964 413 1146 476 studio
1183 416 1365 494 agitur
1389 459 1407 486 ,
1450 436 1547 476 aut

117 503 215 564 ira.
1440 497 1443 502 “

205 581 584 641 Nicomachus
626 579 827 639 deinde
851 621 868 648 ,
908 581 966 638 &
1010 576 1238 637 Metron
1266 621 1283 647 ‚
1328 582 1387 638 &
1426 579 1550 640 Ce-

115 663 328 723 balinus
362 662 617 742 producii
642 705 657 730 ,
694 683 818 742 quae
845 663 1078 740 quisque
1110 659 1390 719 detulerat
1411 703 1428 729 ,
1456 683 1548 720 ex-

115 763 355 826 ponunt.
386 743 610 802 Nullius
638 766 829 804 eorum
868 742 1075 803 indicio
1099 741 1346 801 Philotas
1369 744 1549 823 parti-

114 848 248 906 ceps
272 824 489 887 sceleris
517 825 911 885 destinabatur.
938 822 1138 903 Itaque
1165 823 1547 903 indignatione

113 929 299 989 pressa
326 928 438 967 vox
463 906 710 966 indicum
746 906 962 965 silentio
991 926 1227 986 excepta
1257 905 1352 965 est.
1393 906 1547 964 Tum

117 1012 215 1051 rex
234 1032 250 1057 ‚
287 1017 320 1040 υ
349 989 525 1068 qualis
544 1033 561 1058 ,
598 991 767 1065 inquit
787 1031 804 1056 ,
847 1009 984 1067 ergo
1010 989 1173 1046 animi
1198 989 1358 1047 vobis
1390 986 1545 1046 vide-

115 1101 148 1125 ω
177 1091 302 1138 tur,
331 1070 426 1148 qui
458 1069 618 1148 hujus
656 1075 734 1129 rei
766 1067 1013 1127 delatum
1047 1067 1314 1128 indicium
1352 1068 1421 1127 ad
1456 1069 1546 1147 ip·-

115 1181 149 1205 :n
179 1149 294 1208 sum
333 1148 687 1228 suppressit?
735 1149 914 1222 Quod
950 1170 1064 1209 non
1095 1147 1262 1210 fuisse
1295 1170 1497 1224 vanum
1523 1191 1543 1221 ,

112 1262 148 1287 ιο
177 1231 392 1312 Dymni
429 1232 609 1290 exitus
642 1231 908 1291 declarat.
942 1230 1222 1292 Incertam
1250 1254 1363 1292 rem
1395 1230 1549 1292 defe-

113 1343 150 1368 ω
176 1334 300 1372 rens
330 1331 611 1372 tormenta
642 1334 760 1372 non
801 1315 990 1373 timuit
1037 1313 1378 1373 Cebalinus:
1419 1313 1545 1372 Me-

113 1425 149 1451 a>
174 1414 303 1453 tron
327 1415 395 1453 ne
428 1415 774 1454 momentum
808 1395 1036 1476 quidem
1068 1397 1337 1475 temporis
1371 1393 1544 1454 distu-

114 1507 148 1532 :n
175 1476 240 1536 lit
267 1497 567 1535 exonerare
590 1474 675 1546 se,
699 1496 762 1535 ut
785 1499 854 1535 eo
876 1521 892 1546 ‚
924 1477 1021 1536 ubi
1044 1477 1270 1539 lavabar
1290 1519 1309 1545 ,
1347 1481 1543 1536 irrum-

115 1589 150 1613 ω
179 1577 356 1637 peret.
384 1558 631 1617 Philotas
662 1558 811 1617 solus
842 1560 975 1619 nihil
994 1560 1191 1618 ⁴timuit
1211 1603 1229 1628 ,
1262 1558 1399 1617 nihil
1430 1580 1544 1617 cre-

114 1671 147 1695 20
177 1638 338 1698 didit.
366 1638 423 1697 O
449 1639 460 1696 l
499 1641 681 1719 magni
707 1642 873 1700 animi
904 1643 1106 1701 virum.
1132 1639 1241 1699 Iste
1266 1683 1283 1708 ,
1320 1641 1364 1698 si
1398 1645 1544 1719 regis

113 1752 147 1776 ω
173 1719 424 1800 periculo
451 1740 931 1790 commoveretur,
969 1720 1191 1782 vultum
1216 1743 1330 1781 non
1355 1741 1542 1780 muta-

112 1833 148 1858 ω
175 1800 305 1862 ret?
334 1800 590 1862 Indicern
615 1820 783 1877 tantae
820 1807 901 1863 rei
934 1801 1205 1862 sollicitus
1233 1824 1346 1862 non
1386 1802 1544 1863 audi-

114 1914 148 1938 ιο
175 1904 259 1943 ret
291 1892 315 1940 ἒ
355 1882 555 1942 Subest
595 1885 853 1943 nimirum
903 1885 1122 1944 silentio
1168 1882 1384 1945 facinus
1417 1927 1434 1952 ,
1480 1888 1540 1944 &

113 1995 147 2019 ω
174 1963 335 2025 avida
365 1963 484 2043 spes
520 1968 676 2045 regni
704 1967 1046 2044 praecipitem
1077 1970 1326 2025 ‘animum
1359 1965 1428 2024 ad
1455 1966 1541 2023 ul-

112 2077 147 2101 :n
176 2052 376 2106 timum
418 2043 566 2104 nefas
603 2049 841 2125 impulit.
880 2048 1044 2107 Pater
1073 2047 1278 2106 Mediae
1314 2067 1538 2126 praeest.

112 2157 147 2182 :n
173 2125 303 2206 Ipse
332 2126 477 2206 apud
504 2129 707 2186 multos
733 2133 1019 2206 copiarum
1052 2128 1224 2188 duces
1249 2134 1382 2188 meis
1406 2149 1542 2206 prae-

113 2238 147 2265 :0
171 2229 372 2287 potens
404 2208 609 2267 viribus
631 2253 647 2278 ,
684 2212 890 2289 majora
911 2256 927 2281 ,
959 2233 1126 2291 quam
1151 2212 1298 2288 capit
1316 2253 1332 2278 ,
1353 2209 1540 2287 spirat.

113 2320 147 2344 20
177 2290 412 2349 Orbitas
439 2312 664 2369 quoque
691 2312 810 2350 mea
828 2335 843 2358 ‚
868 2292 1021 2371 quod
1045 2296 1159 2350 sine
1178 2292 1367 2350 liberis
1387 2290 1537 2360 sum,

114 2401 148 2424 :n
174 2369 460 2448 spernitur.
498 2372 609 2430 Sed
639 2392 781 2431 errat
813 2373 1078 2432 Philotas·
1103 2371 1170 2430 In
1206 2373 1367 2432 vobis
1398 2372 1539 2431 libe-

120 2480 154 2503 ω
179 2472 298 2518 τος,
338 2472 593 2529 parentes
614 2496 628 2520 ,
664 2457 1103 2535 consanguineos
1133 2454 1349 2513 habeo:
1374 2454 1540 2514 vobis

115 2561 148 2584 ω
176 2530 331 2590 salvis
351 2574 366 2597 ,
402 2533 576 2592 orbus
612 2556 732 2595 esse
759 2556 869 2593 non
896 2558 1120 2615 possum
1144 2563 1196 2594 ct.
1232 2533 1538 2615 Epistolam

117 2611 316 2670 deinde
343 2612 714 2673 Parmenionis
738 2619 1138 2696 interceptam,
1168 2639 1333 2697 quam
1359 2617 1429 2676 ad
1465 2615 1537 2673 fi-

116 2692 219 2754 lios
241 2692 579 2756 Nicanorem
598 2701 653 2758 &
681 2698 940 2760 Philotan
963 2698 1251 2780 scripserat
1267 2742 1285 2770 ,
1306 2700 1501 2758 recitat
1513 2720 1536 2773 5
