<?xml version="1.0" encoding="UTF-8"?>
<!DOCTYPE html PUBLIC "-//W3C//DTD XHTML 1.0 Transitional//EN"
    "http://www.w3.org/TR/xhtml1/DTD/xhtml1-transitional.dtd">
<html xmlns="http://www.w3.org/1999/xhtml" xml:lang="en" lang="en">
 <head>
  <title>
</title>
<meta http-equiv="Content-Type" content="text/html;charset=utf-8" />
  <meta name='ocr-system' content='tesseract 3.04.00' />
  <meta name='ocr-capabilities' content='ocr_page ocr_carea ocr_par ocr_line ocrx_word'/>
</head>
<body>
  <div class='ocr_page' id='page_1' title='image "./histoiredalexand02curt_0477.png"; bbox 0 0 1690 3067; ppageno 0'>
   <div class='ocr_carea' id='block_1_1' title="bbox 0 73 1460 2864">
    <p class='ocr_par' dir='ltr' id='par_1_1' title="bbox 23 73 1460 1316">
     <span class='ocr_line' id='line_1_1' title="bbox 174 73 1439 156; baseline -0.002 -23"><span class='ocrx_word' id='word_1_1' title='bbox 174 83 212 134; x_wconf 70' lang='lat' dir='ltr'>,L</span> <span class='ocrx_word' id='word_1_2' title='bbox 234 86 439 135; x_wconf 71' lang='lat' dir='ltr'>IVRE</span> <span class='ocrx_word' id='word_1_3' title='bbox 477 84 582 133; x_wconf 74' lang='lat' dir='ltr'>IX.</span> <span class='ocrx_word' id='word_1_4' title='bbox 614 82 1077 156; x_wconf 53' lang='lat' dir='ltr'><em>CHAPJ&#39;TRE</em></span> <span class='ocrx_word' id='word_1_5' title='bbox 1115 73 1246 133; x_wconf 75' lang='lat' dir='ltr'>VH.</span> <span class='ocrx_word' id='word_1_6' title='bbox 1340 83 1439 145; x_wconf 75' lang='lat'>467</span> 
     </span>
     <span class='ocr_line' id='line_1_2' title="bbox 24 169 1440 250; baseline 0.001 -23"><span class='ocrx_word' id='word_1_7' title='bbox 24 173 159 227; x_wconf 69' lang='lat' dir='ltr'>‘tiam</span> <span class='ocrx_word' id='word_1_8' title='bbox 199 189 294 250; x_wconf 81' lang='lat' dir='ltr'>per</span> <span class='ocrx_word' id='word_1_9' title='bbox 337 173 632 226; x_wconf 72' lang='lat' dir='ltr'>cruciatum</span> <span class='ocrx_word' id='word_1_10' title='bbox 671 170 867 224; x_wconf 75' lang='lat' dir='ltr'>necari.</span> <span class='ocrx_word' id='word_1_11' title='bbox 930 169 1165 247; x_wconf 74' lang='lat' dir='ltr'>Jamque</span> <span class='ocrx_word' id='word_1_12' title='bbox 1211 173 1440 247; x_wconf 75' lang='lat' dir='ltr'>corpori</span> 
     </span>
     <span class='ocr_line' id='line_1_3' title="bbox 25 249 1437 321; baseline -0.001 -11"><span class='ocrx_word' id='word_1_13' title='bbox 25 272 283 312; x_wconf 85' lang='lat' dir='ltr'>:ormenta</span> <span class='ocrx_word' id='word_1_14' title='bbox 309 251 756 311; x_wconf 77' lang='lat' dir='ltr'>admovebantur</span> <span class='ocrx_word' id='word_1_15' title='bbox 776 271 797 321; x_wconf 99' lang='lat'>3</span> <span class='ocrx_word' id='word_1_16' title='bbox 831 272 960 309; x_wconf 85' lang='lat' dir='ltr'>cum</span> <span class='ocrx_word' id='word_1_17' title='bbox 985 251 1172 309; x_wconf 82' lang='lat' dir='ltr'>Graeci</span> <span class='ocrx_word' id='word_1_18' title='bbox 1197 249 1398 309; x_wconf 80' lang='lat' dir='ltr'>milites</span> <span class='ocrx_word' id='word_1_19' title='bbox 1419 293 1437 318; x_wconf 87' lang='lat'><strong><em>,</em></strong></span> 
     </span>
     <span class='ocr_line' id='line_1_4' title="bbox 30 332 1439 414; baseline 0 -22"><span class='ocrx_word' id='word_1_20' title='bbox 30 354 280 393; x_wconf 89' lang='lat' dir='ltr'>ncertum</span> <span class='ocrx_word' id='word_1_21' title='bbox 304 334 381 392; x_wconf 86' lang='lat' dir='ltr'>ob</span> <span class='ocrx_word' id='word_1_22' title='bbox 417 355 584 414; x_wconf 88' lang='lat' dir='ltr'>quam</span> <span class='ocrx_word' id='word_1_23' title='bbox 608 353 828 391; x_wconf 86' lang='lat' dir='ltr'>causam</span> <span class='ocrx_word' id='word_1_24' title='bbox 851 374 867 401; x_wconf 90' lang='grc'>,</span> <span class='ocrx_word' id='word_1_25' title='bbox 902 332 1203 413; x_wconf 60' lang='lat' dir='ltr'>lymphatis</span> <span class='ocrx_word' id='word_1_26' title='bbox 1238 333 1439 392; x_wconf 76' lang='lat' dir='ltr'>similes</span> 
     </span>
     <span class='ocr_line' id='line_1_5' title="bbox 25 411 1439 488; baseline -0.002 -12"><span class='ocrx_word' id='word_1_27' title='bbox 25 415 78 478; x_wconf 74' lang='lat' dir='ltr'>td</span> <span class='ocrx_word' id='word_1_28' title='bbox 109 438 256 474; x_wconf 86' lang='lat' dir='ltr'>arma</span> <span class='ocrx_word' id='word_1_29' title='bbox 289 415 626 476; x_wconf 84' lang='lat' dir='ltr'>discurrunt.</span> <span class='ocrx_word' id='word_1_30' title='bbox 665 414 928 488; x_wconf 80' lang='lat' dir='ltr'><strong>Quorum</strong></span> <span class='ocrx_word' id='word_1_31' title='bbox 961 411 1182 473; x_wconf 79' lang='lat' dir='ltr'><strong>fremitu</strong></span> <span class='ocrx_word' id='word_1_32' title='bbox 1208 414 1439 473; x_wconf 80' lang='lat' dir='ltr'>exaudi-</span> 
     </span>
     <span class='ocr_line' id='line_1_6' title="bbox 23 497 1438 578; baseline 0 -21"><span class='ocrx_word' id='word_1_33' title='bbox 23 519 69 557; x_wconf 77' lang='lat' dir='ltr'>:o</span> <span class='ocrx_word' id='word_1_34' title='bbox 89 539 105 566; x_wconf 89' lang='lat'><strong>,</strong></span> <span class='ocrx_word' id='word_1_35' title='bbox 140 498 238 578; x_wconf 87' lang='lat' dir='ltr'>qui</span> <span class='ocrx_word' id='word_1_36' title='bbox 268 517 535 577; x_wconf 88' lang='lat' dir='ltr'>torquere</span> <span class='ocrx_word' id='word_1_37' title='bbox 566 497 841 556; x_wconf 87' lang='lat' dir='ltr'>Biconem</span> <span class='ocrx_word' id='word_1_38' title='bbox 879 499 1012 574; x_wconf 77' lang='lat' dir='ltr'>jussi</span> <span class='ocrx_word' id='word_1_39' title='bbox 1044 515 1200 554; x_wconf 83' lang='lat' dir='ltr'>erant</span> <span class='ocrx_word' id='word_1_40' title='bbox 1231 538 1244 550; x_wconf 83' lang='grc'><strong>.</strong></span> <span class='ocrx_word' id='word_1_41' title='bbox 1287 501 1438 557; x_wconf 76' lang='lat' dir='ltr'>cmi-</span> 
     </span>
     <span class='ocr_line' id='line_1_7' title="bbox 26 577 1437 652; baseline 0.001 -18"><span class='ocrx_word' id='word_1_42' title='bbox 26 589 120 638; x_wconf 75' lang='lat' dir='ltr'>fere</span> <span class='ocrx_word' id='word_1_43' title='bbox 149 602 169 652; x_wconf 89' lang='lat'>3</span> <span class='ocrx_word' id='word_1_44' title='bbox 213 581 373 639; x_wconf 85' lang='lat' dir='ltr'>veriti</span> <span class='ocrx_word' id='word_1_45' title='bbox 400 600 466 638; x_wconf 89' lang='lat' dir='ltr'>ne</span> <span class='ocrx_word' id='word_1_46' title='bbox 492 577 549 637; x_wconf 86' lang='lat' dir='ltr'>id</span> <span class='ocrx_word' id='word_1_47' title='bbox 573 577 755 638; x_wconf 87' lang='lat' dir='ltr'>facere</span> <span class='ocrx_word' id='word_1_48' title='bbox 785 578 1248 637; x_wconf 51' lang='lat' dir='ltr'>tumultuatusmu</span> <span class='ocrx_word' id='word_1_49' title='bbox 1280 579 1437 637; x_wconf 70' lang='lat' dir='ltr'>voci-</span> 
     </span>
     <span class='ocr_line' id='line_1_8' title="bbox 27 658 1439 742; baseline -0.001 -21"><span class='ocrx_word' id='word_1_50' title='bbox 27 661 272 721; x_wconf 73' lang='lat' dir='ltr'>&#39;eratione</span> <span class='ocrx_word' id='word_1_51' title='bbox 320 661 771 742; x_wconf 71' lang='lat' dir='ltr'><strong>prohiberentur.</strong></span> <span class='ocrx_word' id='word_1_52' title='bbox 808 659 914 720; x_wconf 88' lang='lat' dir='ltr'>Ille</span> <span class='ocrx_word' id='word_1_53' title='bbox 946 703 963 731; x_wconf 87' lang='grc'>,</span> <span class='ocrx_word' id='word_1_54' title='bbox 1007 661 1152 720; x_wconf 88' lang='lat' dir='ltr'>sicut</span> <span class='ocrx_word' id='word_1_55' title='bbox 1193 658 1439 719; x_wconf 81' lang='lat' dir='ltr'>nudatus</span> 
     </span>
     <span class='ocr_line' id='line_1_9' title="bbox 27 740 1436 822; baseline -0.001 -20"><span class='ocrx_word' id='word_1_56' title='bbox 27 763 120 802; x_wconf 57' lang='lat' dir='ltr'>{rat</span> <span class='ocrx_word' id='word_1_57' title='bbox 138 786 153 811; x_wconf 88' lang='lat'><em>‚</em></span> <span class='ocrx_word' id='word_1_58' title='bbox 177 745 429 822; x_wconf 86' lang='lat' dir='ltr'>pervenit</span> <span class='ocrx_word' id='word_1_59' title='bbox 450 741 521 802; x_wconf 88' lang='lat' dir='ltr'>ad</span> <span class='ocrx_word' id='word_1_60' title='bbox 548 745 781 803; x_wconf 85' lang='lat' dir='ltr'>Graecos</span> <span class='ocrx_word' id='word_1_61' title='bbox 795 764 814 817; x_wconf 87' lang='lat'>3</span> <span class='ocrx_word' id='word_1_62' title='bbox 838 746 896 803; x_wconf 69' lang='grc' dir='ltr'>ὅ(</span> <span class='ocrx_word' id='word_1_63' title='bbox 923 742 1244 805; x_wconf 87' lang='lat' dir='ltr'>miserabilis</span> <span class='ocrx_word' id='word_1_64' title='bbox 1268 740 1436 801; x_wconf 83' lang='lat' dir='ltr'>facies</span> 
     </span>
     <span class='ocr_line' id='line_1_10' title="bbox 29 824 1435 905; baseline -0.001 -21"><span class='ocrx_word' id='word_1_65' title='bbox 29 824 273 905; x_wconf 85' lang='lat' dir='ltr'>&#39;upplicio</span> <span class='ocrx_word' id='word_1_66' title='bbox 299 824 551 884; x_wconf 83' lang='lat' dir='ltr'>destinati</span> <span class='ocrx_word' id='word_1_67' title='bbox 574 827 626 884; x_wconf 86' lang='lat' dir='ltr'>in</span> <span class='ocrx_word' id='word_1_68' title='bbox 657 825 936 887; x_wconf 88' lang='lat' dir='ltr'>diversum</span> <span class='ocrx_word' id='word_1_69' title='bbox 970 826 1180 885; x_wconf 89' lang='lat' dir='ltr'>animos</span> <span class='ocrx_word' id='word_1_70' title='bbox 1202 844 1435 904; x_wconf 80' lang='lat' dir='ltr'>repente</span> 
     </span>
     <span class='ocr_line' id='line_1_11' title="bbox 28 906 1436 988; baseline -0.001 -22"><span class='ocrx_word' id='word_1_71' title='bbox 28 912 242 968; x_wconf 87' lang='lat' dir='ltr'>nutavit</span> <span class='ocrx_word' id='word_1_72' title='bbox 263 950 279 976; x_wconf 87' lang='lat'><strong><em>,</em></strong></span> <span class='ocrx_word' id='word_1_73' title='bbox 313 906 629 988; x_wconf 77' lang='lat' dir='ltr'>dimittique</span> <span class='ocrx_word' id='word_1_74' title='bbox 656 930 783 967; x_wconf 89' lang='lat' dir='ltr'>eum</span> <span class='ocrx_word' id='word_1_75' title='bbox 807 911 1106 985; x_wconf 81' lang='lat' dir='ltr'>jusserunt.</span> <span class='ocrx_word' id='word_1_76' title='bbox 1143 907 1278 965; x_wconf 80' lang='lat' dir='ltr'>Hoc</span> <span class='ocrx_word' id='word_1_77' title='bbox 1305 928 1436 965; x_wconf 87' lang='lat' dir='ltr'>mo-</span> 
     </span>
     <span class='ocr_line' id='line_1_12' title="bbox 29 988 1436 1069; baseline -0.001 -23"><span class='ocrx_word' id='word_1_78' title='bbox 29 988 75 1047; x_wconf 69' lang='lat' dir='ltr'>io</span> <span class='ocrx_word' id='word_1_79' title='bbox 102 1010 265 1068; x_wconf 85' lang='lat' dir='ltr'>poena</span> <span class='ocrx_word' id='word_1_80' title='bbox 291 989 373 1049; x_wconf 86' lang='lat' dir='ltr'>bis</span> <span class='ocrx_word' id='word_1_81' title='bbox 400 989 666 1049; x_wconf 85' lang='lat' dir='ltr'>liberatus</span> <span class='ocrx_word' id='word_1_82' title='bbox 688 1033 704 1059; x_wconf 88' lang='lat'>‚</span> <span class='ocrx_word' id='word_1_83' title='bbox 740 1011 868 1049; x_wconf 90' lang='lat' dir='ltr'>cum</span> <span class='ocrx_word' id='word_1_84' title='bbox 894 991 1091 1049; x_wconf 85' lang='lat' dir='ltr'>ceteris</span> <span class='ocrx_word' id='word_1_85' title='bbox 1111 1031 1126 1058; x_wconf 86' lang='lat'><strong><em>,</em></strong></span> <span class='ocrx_word' id='word_1_86' title='bbox 1159 990 1255 1069; x_wconf 89' lang='lat' dir='ltr'>qui</span> <span class='ocrx_word' id='word_1_87' title='bbox 1281 988 1436 1046; x_wconf 87' lang='lat' dir='ltr'>colo-</span> 
     </span>
     <span class='ocr_line' id='line_1_13' title="bbox 29 1070 1460 1151; baseline 0.003 -24"><span class='ocrx_word' id='word_1_88' title='bbox 29 1072 115 1129; x_wconf 67' lang='lat' dir='ltr'>nias</span> <span class='ocrx_word' id='word_1_89' title='bbox 143 1094 172 1130; x_wconf 88' lang='lat' dir='ltr'>a</span> <span class='ocrx_word' id='word_1_90' title='bbox 198 1092 327 1151; x_wconf 86' lang='lat' dir='ltr'>rege</span> <span class='ocrx_word' id='word_1_91' title='bbox 355 1072 650 1130; x_wconf 88' lang='lat' dir='ltr'>attributas</span> <span class='ocrx_word' id='word_1_92' title='bbox 684 1071 1030 1151; x_wconf 79' lang='lat' dir='ltr'>reliquerunt</span> <span class='ocrx_word' id='word_1_93' title='bbox 1050 1113 1065 1140; x_wconf 88' lang='lat'>,</span> <span class='ocrx_word' id='word_1_94' title='bbox 1111 1071 1344 1131; x_wconf 88' lang='lat' dir='ltr'>revertit</span> <span class='ocrx_word' id='word_1_95' title='bbox 1377 1070 1435 1127; x_wconf 86' lang='lat' dir='ltr'>in</span> <span class='ocrx_word' id='word_1_96' title='bbox 1458 1129 1460 1131; x_wconf 73' lang='grc'><strong>,</strong></span> 
     </span>
     <span class='ocr_line' id='line_1_14' title="bbox 30 1152 1436 1234; baseline -0.001 -23"><span class='ocrx_word' id='word_1_97' title='bbox 30 1157 252 1211; x_wconf 72' lang='lat' dir='ltr'>›atriam.</span> <span class='ocrx_word' id='word_1_98' title='bbox 281 1153 423 1213; x_wconf 86' lang='lat' dir='ltr'>Haec</span> <span class='ocrx_word' id='word_1_99' title='bbox 449 1155 595 1213; x_wconf 87' lang='lat' dir='ltr'>circa</span> <span class='ocrx_word' id='word_1_100' title='bbox 626 1153 824 1214; x_wconf 61' lang='lat' dir='ltr'>Badira</span> <span class='ocrx_word' id='word_1_101' title='bbox 864 1156 924 1215; x_wconf 86' lang='lat'>&amp;</span> <span class='ocrx_word' id='word_1_102' title='bbox 959 1152 1297 1234; x_wconf 83' lang='lat' dir='ltr'><strong>Scytharum</strong></span> <span class='ocrx_word' id='word_1_103' title='bbox 1328 1171 1436 1211; x_wconf 87' lang='lat' dir='ltr'>ter-</span> 
     </span>
     <span class='ocr_line' id='line_1_15' title="bbox 29 1233 375 1316; baseline 0.009 -25"><span class='ocrx_word' id='word_1_104' title='bbox 29 1235 178 1293; x_wconf 66' lang='lat' dir='ltr'>ainos</span> <span class='ocrx_word' id='word_1_105' title='bbox 206 1233 375 1316; x_wconf 86' lang='lat' dir='ltr'>gesta.</span> 
     </span>
    </p>

    <p class='ocr_par' dir='ltr' id='par_1_2' title="bbox 0 1313 1438 2789">
     <span class='ocr_line' id='line_1_16' title="bbox 85 1313 1434 1397; baseline 0 -24"><span class='ocrx_word' id='word_1_106' title='bbox 85 1314 323 1377; x_wconf 87' lang='lat' dir='ltr'>Interim</span> <span class='ocrx_word' id='word_1_107' title='bbox 348 1338 536 1397; x_wconf 81' lang='lat' dir='ltr'>regem</span> <span class='ocrx_word' id='word_1_108' title='bbox 563 1315 796 1375; x_wconf 84' lang='lat' dir='ltr'>duarum</span> <span class='ocrx_word' id='word_1_109' title='bbox 823 1316 1108 1396; x_wconf 79' lang='lat' dir='ltr'>gentium,</span> <span class='ocrx_word' id='word_1_110' title='bbox 1131 1314 1201 1375; x_wconf 90' lang='lat' dir='ltr'>de</span> <span class='ocrx_word' id='word_1_111' title='bbox 1228 1313 1434 1395; x_wconf 83' lang='lat' dir='ltr'>quibus</span> 
     </span>
     <span class='ocr_line' id='line_1_17' title="bbox 33 1396 1435 1478; baseline -0.001 -22"><span class='ocrx_word' id='word_1_112' title='bbox 33 1418 123 1459; x_wconf 87' lang='lat' dir='ltr'>nte</span> <span class='ocrx_word' id='word_1_113' title='bbox 152 1398 361 1458; x_wconf 55' lang='lat' dir='ltr'>dieium</span> <span class='ocrx_word' id='word_1_114' title='bbox 390 1397 466 1457; x_wconf 91' lang='lat' dir='ltr'>est</span> <span class='ocrx_word' id='word_1_115' title='bbox 488 1442 505 1468; x_wconf 85' lang='grc'>,</span> <span class='ocrx_word' id='word_1_116' title='bbox 542 1417 771 1458; x_wconf 88' lang='lat' dir='ltr'>centum</span> <span class='ocrx_word' id='word_1_117' title='bbox 802 1397 974 1478; x_wconf 87' lang='lat' dir='ltr'>legati</span> <span class='ocrx_word' id='word_1_118' title='bbox 1010 1397 1239 1457; x_wconf 84' lang='lat' dir='ltr'>adeunt.</span> <span class='ocrx_word' id='word_1_119' title='bbox 1284 1396 1435 1455; x_wconf 81' lang='lat' dir='ltr'>Om-</span> 
     </span>
     <span class='ocr_line' id='line_1_18' title="bbox 37 1477 1435 1559; baseline -0.001 -19"><span class='ocrx_word' id='word_1_120' title='bbox 37 1502 92 1541; x_wconf 88' lang='lat' dir='ltr'>es</span> <span class='ocrx_word' id='word_1_121' title='bbox 132 1502 300 1540; x_wconf 83' lang='lat' dir='ltr'><strong>curru</strong></span> <span class='ocrx_word' id='word_1_122' title='bbox 342 1481 692 1544; x_wconf 85' lang='lat' dir='ltr'>vehebantur</span> <span class='ocrx_word' id='word_1_123' title='bbox 731 1520 750 1549; x_wconf 90' lang='lat'>,</span> <span class='ocrx_word' id='word_1_124' title='bbox 801 1480 1001 1540; x_wconf 82' lang='lat' dir='ltr'>eximia</span> <span class='ocrx_word' id='word_1_125' title='bbox 1044 1477 1435 1559; x_wconf 81' lang='lat' dir='ltr'>magnitudine</span> 
     </span>
     <span class='ocr_line' id='line_1_19' title="bbox 33 1558 1438 1643; baseline -0.003 -21"><span class='ocrx_word' id='word_1_126' title='bbox 33 1584 338 1643; x_wconf 86' lang='lat' dir='ltr'><strong>orporum,</strong></span> <span class='ocrx_word' id='word_1_127' title='bbox 379 1562 590 1624; x_wconf 86' lang='lat' dir='ltr'>decoro</span> <span class='ocrx_word' id='word_1_128' title='bbox 636 1561 830 1620; x_wconf 91' lang='lat' dir='ltr'>habitu</span> <span class='ocrx_word' id='word_1_129' title='bbox 865 1604 882 1631; x_wconf 89' lang='lat'>,</span> <span class='ocrx_word' id='word_1_130' title='bbox 930 1561 1089 1619; x_wconf 86' lang='lat' dir='ltr'>lineae</span> <span class='ocrx_word' id='word_1_131' title='bbox 1130 1558 1304 1621; x_wconf 87' lang='lat' dir='ltr'>vestes</span> <span class='ocrx_word' id='word_1_132' title='bbox 1348 1560 1438 1618; x_wconf 88' lang='lat' dir='ltr'>in-</span> 
     </span>
     <span class='ocr_line' id='line_1_20' title="bbox 27 1639 1435 1727; baseline -0.006 -22"><span class='ocrx_word' id='word_1_133' title='bbox 27 1664 166 1705; x_wconf 79' lang='lat' dir='ltr'>extae</span> <span class='ocrx_word' id='word_1_134' title='bbox 191 1667 326 1705; x_wconf 89' lang='lat' dir='ltr'>auro</span> <span class='ocrx_word' id='word_1_135' title='bbox 348 1688 365 1714; x_wconf 91' lang='lat'><em>‚</em></span> <span class='ocrx_word' id='word_1_136' title='bbox 399 1665 760 1727; x_wconf 83' lang='lat' dir='ltr'><strong>purpuraque</strong></span> <span class='ocrx_word' id='word_1_137' title='bbox 797 1641 1081 1702; x_wconf 56' lang='lat' dir='ltr'>distinctae.</span> <span class='ocrx_word' id='word_1_138' title='bbox 1109 1642 1251 1718; x_wconf 85' lang='lat' dir='ltr'>Eise</span> <span class='ocrx_word' id='word_1_139' title='bbox 1275 1639 1435 1697; x_wconf 83' lang='lat' dir='ltr'>dede-</span> 
     </span>
     <span class='ocr_line' id='line_1_21' title="bbox 28 1721 1432 1808; baseline -0.004 -26"><span class='ocrx_word' id='word_1_140' title='bbox 28 1749 42 1782; x_wconf 66' lang='grc' dir='ltr'>ε</span> <span class='ocrx_word' id='word_1_141' title='bbox 65 1728 192 1808; x_wconf 82' lang='lat' dir='ltr'>ipsos</span> <span class='ocrx_word' id='word_1_142' title='bbox 217 1772 235 1797; x_wconf 88' lang='grc'>,</span> <span class='ocrx_word' id='word_1_143' title='bbox 266 1726 414 1783; x_wconf 81' lang='lat' dir='ltr'>urbes</span> <span class='ocrx_word' id='word_1_144' title='bbox 441 1747 682 1806; x_wconf 70' lang='lat' dir='ltr'>agrosque</span> <span class='ocrx_word' id='word_1_145' title='bbox 705 1722 1024 1785; x_wconf 79' lang='lat' dir='ltr'><strong>referebant</strong></span> <span class='ocrx_word' id='word_1_146' title='bbox 1045 1748 1064 1799; x_wconf 92' lang='lat'>3</span> <span class='ocrx_word' id='word_1_147' title='bbox 1097 1742 1194 1806; x_wconf 75' lang='lat' dir='ltr'>per</span> <span class='ocrx_word' id='word_1_148' title='bbox 1218 1741 1289 1779; x_wconf 76' lang='lat' dir='ltr'>tot</span> <span class='ocrx_word' id='word_1_149' title='bbox 1312 1721 1432 1779; x_wconf 54' lang='lat' dir='ltr'>‹eta-¹</span> 
     </span>
     <span class='ocr_line' id='line_1_22' title="bbox 28 1803 1431 1888; baseline -0.003 -24"><span class='ocrx_word' id='word_1_150' title='bbox 28 1830 62 1864; x_wconf 63' lang='grc' dir='ltr'>ες</span> <span class='ocrx_word' id='word_1_151' title='bbox 96 1810 411 1866; x_wconf 68' lang='lat' dir='ltr'>inviolatam</span> <span class='ocrx_word' id='word_1_152' title='bbox 437 1807 727 1863; x_wconf 67' lang='lat' dir='ltr'>libertatem</span> <span class='ocrx_word' id='word_1_153' title='bbox 763 1809 902 1862; x_wconf 78' lang='lat' dir='ltr'>illins</span> <span class='ocrx_word' id='word_1_154' title='bbox 925 1803 1311 1888; x_wconf 69' lang='lat' dir='ltr'>primumfidei</span> <span class='ocrx_word' id='word_1_155' title='bbox 1341 1803 1431 1861; x_wconf 82' lang='lat' dir='ltr'>di-</span> 
     </span>
     <span class='ocr_line' id='line_1_23' title="bbox 29 1886 1433 1973; baseline -0.001 -28"><span class='ocrx_word' id='word_1_156' title='bbox 29 1891 215 1969; x_wconf 64' lang='lat' dir='ltr'>fanique</span> <span class='ocrx_word' id='word_1_157' title='bbox 244 1892 598 1973; x_wconf 75' lang='lat' dir='ltr'>permissuros.</span> <span class='ocrx_word' id='word_1_158' title='bbox 635 1892 775 1943; x_wconf 87' lang='lat' dir='ltr'>Deos</span> <span class='ocrx_word' id='word_1_159' title='bbox 815 1887 913 1945; x_wconf 80' lang='lat' dir='ltr'>sibi</span> <span class='ocrx_word' id='word_1_160' title='bbox 948 1886 1224 1944; x_wconf 79' lang='lat' dir='ltr'>deditionis</span> <span class='ocrx_word' id='word_1_161' title='bbox 1259 1889 1433 1943; x_wconf 65' lang='lat' dir='ltr'>auc‘lo-</span> 
     </span>
     <span class='ocr_line' id='line_1_24' title="bbox 0 1967 1430 2051; baseline -0.002 -24"><span class='ocrx_word' id='word_1_162' title='bbox 0 2024 3 2042; x_wconf 14' lang='grc' dir='ltr'>,Κ</span> <span class='ocrx_word' id='word_1_163' title='bbox 28 1992 64 2028; x_wconf 76' lang='lat'>35</span> <span class='ocrx_word' id='word_1_164' title='bbox 89 2015 106 2041; x_wconf 89' lang='lat'>‚</span> <span class='ocrx_word' id='word_1_165' title='bbox 145 1994 246 2028; x_wconf 81' lang='lat' dir='ltr'>non</span> <span class='ocrx_word' id='word_1_166' title='bbox 273 1990 480 2028; x_wconf 41' lang='lat' dir='ltr'>metum&lt;</span> <span class='ocrx_word' id='word_1_167' title='bbox 498 1994 518 2036; x_wconf 80' lang='lat'>3</span> <span class='ocrx_word' id='word_1_168' title='bbox 558 1971 742 2051; x_wconf 71' lang='lat' dir='ltr'>qnippe</span> <span class='ocrx_word' id='word_1_169' title='bbox 764 1971 968 2026; x_wconf 60' lang='lat' dir='ltr'>imafflis</span> <span class='ocrx_word' id='word_1_170' title='bbox 1004 1967 1211 2025; x_wconf 65' lang='lat' dir='ltr'>viribus</span> <span class='ocrx_word' id='word_1_171' title='bbox 1236 1971 1430 2047; x_wconf 72' lang='lat' dir='ltr'><strong>jugum</strong></span> 
     </span>
     <span class='ocr_line' id='line_1_25' title="bbox 28 2048 1433 2134; baseline 0 -25"><span class='ocrx_word' id='word_1_172' title='bbox 28 2057 230 2134; x_wconf 65' lang='lat' dir='ltr'>wipere.</span> <span class='ocrx_word' id='word_1_173' title='bbox 260 2054 387 2113; x_wconf 80' lang='lat' dir='ltr'>Rex</span> <span class='ocrx_word' id='word_1_174' title='bbox 415 2053 651 2113; x_wconf 83' lang='lat' dir='ltr'>consilio</span> <span class='ocrx_word' id='word_1_175' title='bbox 688 2051 882 2110; x_wconf 85' lang='lat' dir='ltr'>habito</span> <span class='ocrx_word' id='word_1_176' title='bbox 920 2050 1144 2111; x_wconf 86' lang='lat' dir='ltr'>deditos</span> <span class='ocrx_word' id='word_1_177' title='bbox 1178 2055 1234 2110; x_wconf 87' lang='lat' dir='ltr'>in</span> <span class='ocrx_word' id='word_1_178' title='bbox 1259 2048 1433 2109; x_wconf 89' lang='lat' dir='ltr'>fidem</span> 
     </span>
     <span class='ocr_line' id='line_1_26' title="bbox 29 2131 1434 2214; baseline -0.002 -19"><span class='ocrx_word' id='word_1_179' title='bbox 29 2136 257 2214; x_wconf 87' lang='lat' dir='ltr'>ccepit3</span> <span class='ocrx_word' id='word_1_180' title='bbox 293 2133 607 2214; x_wconf 78' lang='lat' dir='ltr'>stipendiO‚</span> <span class='ocrx_word' id='word_1_181' title='bbox 645 2131 802 2213; x_wconf 89' lang='lat' dir='ltr'>quod</span> <span class='ocrx_word' id='word_1_182' title='bbox 832 2132 1158 2192; x_wconf 82' lang='lat' dir='ltr'><strong>Arachosiis</strong></span> <span class='ocrx_word' id='word_1_183' title='bbox 1194 2152 1434 2211; x_wconf 87' lang='lat' dir='ltr'>utraque</span> 
     </span>
     <span class='ocr_line' id='line_1_27' title="bbox 35 2213 1435 2298; baseline -0.002 -22"><span class='ocrx_word' id='word_1_184' title='bbox 35 2218 147 2276; x_wconf 88' lang='lat' dir='ltr'>atio</span> <span class='ocrx_word' id='word_1_185' title='bbox 179 2216 495 2298; x_wconf 76' lang='lat' dir='ltr'>pensitabat</span> <span class='ocrx_word' id='word_1_186' title='bbox 518 2258 533 2283; x_wconf 87' lang='grc'>,</span> <span class='ocrx_word' id='word_1_187' title='bbox 561 2215 844 2294; x_wconf 77' lang='lat' dir='ltr'>imposito·</span> <span class='ocrx_word' id='word_1_188' title='bbox 870 2214 1146 2274; x_wconf 85' lang='lat' dir='ltr'>Praeterea</span> <span class='ocrx_word' id='word_1_189' title='bbox 1175 2234 1231 2271; x_wconf 90' lang='lat'>11</span> <span class='ocrx_word' id='word_1_190' title='bbox 1264 2213 1435 2273; x_wconf 86' lang='lat' dir='ltr'>millia</span> 
     </span>
     <span class='ocr_line' id='line_1_28' title="bbox 29 2295 1433 2378; baseline -0.001 -21"><span class='ocrx_word' id='word_1_191' title='bbox 29 2318 54 2357; x_wconf 80' lang='lat' dir='ltr'><em>c</em></span> <span class='ocrx_word' id='word_1_192' title='bbox 79 2318 122 2356; x_wconf 88' lang='lat' dir='ltr'>D</span> <span class='ocrx_word' id='word_1_193' title='bbox 149 2303 369 2378; x_wconf 86' lang='lat' dir='ltr'>equites</span> <span class='ocrx_word' id='word_1_194' title='bbox 399 2299 636 2377; x_wconf 87' lang='lat' dir='ltr'>imperat</span> <span class='ocrx_word' id='word_1_195' title='bbox 661 2339 677 2363; x_wconf 90' lang='grc'>,</span> <span class='ocrx_word' id='word_1_196' title='bbox 719 2300 778 2356; x_wconf 88' lang='lat'>&amp;</span> <span class='ocrx_word' id='word_1_197' title='bbox 814 2298 1000 2356; x_wconf 89' lang='lat' dir='ltr'>omnia</span> <span class='ocrx_word' id='word_1_198' title='bbox 1037 2295 1370 2355; x_wconf 84' lang='lat' dir='ltr'>obedienter</span> <span class='ocrx_word' id='word_1_199' title='bbox 1401 2318 1433 2355; x_wconf 88' lang='lat' dir='ltr'>a</span> 
     </span>
     <span class='ocr_line' id='line_1_29' title="bbox 0 2376 1432 2458; baseline -0.001 -20"><span class='ocrx_word' id='word_1_200' title='bbox 0 2404 7 2430; x_wconf 64' lang='lat'><em>³</em></span> <span class='ocrx_word' id='word_1_201' title='bbox 36 2381 240 2440; x_wconf 84' lang='lat' dir='ltr'>arbaris</span> <span class='ocrx_word' id='word_1_202' title='bbox 267 2379 427 2440; x_wconf 61' lang='lat' dir='ltr'>faRa.</span> <span class='ocrx_word' id='word_1_203' title='bbox 455 2378 718 2439; x_wconf 88' lang='lat' dir='ltr'>Invitatis</span> <span class='ocrx_word' id='word_1_204' title='bbox 748 2377 950 2440; x_wconf 85' lang='lat' dir='ltr'>deinde</span> <span class='ocrx_word' id='word_1_205' title='bbox 977 2377 1046 2439; x_wconf 86' lang='lat' dir='ltr'>ad</span> <span class='ocrx_word' id='word_1_206' title='bbox 1071 2379 1258 2457; x_wconf 87' lang='lat' dir='ltr'>epulas</span> <span class='ocrx_word' id='word_1_207' title='bbox 1283 2376 1432 2458; x_wconf 86' lang='lat' dir='ltr'>lega-</span> 
     </span>
     <span class='ocr_line' id='line_1_30' title="bbox 11 2459 1431 2541; baseline -0.004 -21"><span class='ocrx_word' id='word_1_208' title='bbox 11 2466 66 2540; x_wconf 51' lang='grc' dir='ltr'>,ῖς</span> <span class='ocrx_word' id='word_1_209' title='bbox 105 2463 354 2541; x_wconf 86' lang='lat' dir='ltr'>gentium</span> <span class='ocrx_word' id='word_1_210' title='bbox 396 2504 412 2530; x_wconf 87' lang='lat'>,</span> <span class='ocrx_word' id='word_1_211' title='bbox 455 2460 776 2540; x_wconf 84' lang='lat' dir='ltr'>regulisque</span> <span class='ocrx_word' id='word_1_212' title='bbox 819 2465 1077 2520; x_wconf 83' lang='lat' dir='ltr'>exornari</span> <span class='ocrx_word' id='word_1_213' title='bbox 1108 2459 1431 2518; x_wconf 87' lang='lat' dir='ltr'>convivium</span> 
     </span>
     <span class='ocr_line' id='line_1_31' title="bbox 11 2540 1435 2602; baseline -0.001 -2"><span class='ocrx_word' id='word_1_214' title='bbox 11 2546 172 2601; x_wconf 51' lang='lat' dir='ltr'>ussit.</span> <span class='ocrx_word' id='word_1_215' title='bbox 210 2543 460 2602; x_wconf 88' lang='lat' dir='ltr'>Centum</span> <span class='ocrx_word' id='word_1_216' title='bbox 497 2542 649 2600; x_wconf 86' lang='lat' dir='ltr'>aurei</span> <span class='ocrx_word' id='word_1_217' title='bbox 687 2542 813 2600; x_wconf 66' lang='lat' dir='ltr'>ledii</span> <span class='ocrx_word' id='word_1_218' title='bbox 851 2540 1090 2601; x_wconf 85' lang='lat' dir='ltr'>modicis</span> <span class='ocrx_word' id='word_1_219' title='bbox 1132 2541 1435 2599; x_wconf 81' lang='lat' dir='ltr'>intervallis</span> 
     </span>
     <span class='ocr_line' id='line_1_32' title="bbox 30 2622 1438 2700; baseline -0.001 -19"><span class='ocrx_word' id='word_1_220' title='bbox 30 2626 166 2683; x_wconf 88' lang='lat' dir='ltr'>·ositi</span> <span class='ocrx_word' id='word_1_221' title='bbox 199 2644 356 2684; x_wconf 88' lang='lat' dir='ltr'>erant</span> <span class='ocrx_word' id='word_1_222' title='bbox 376 2648 393 2697; x_wconf 80' lang='lat'>3</span> <span class='ocrx_word' id='word_1_223' title='bbox 419 2624 573 2682; x_wconf 65' lang='lat' dir='ltr'>lefiis</span> <span class='ocrx_word' id='word_1_224' title='bbox 595 2622 1041 2683; x_wconf 82' lang='lat' dir='ltr'>circumdederat</span> <span class='ocrx_word' id='word_1_225' title='bbox 1064 2622 1238 2680; x_wconf 85' lang='lat' dir='ltr'>aulaea</span> <span class='ocrx_word' id='word_1_226' title='bbox 1259 2664 1274 2691; x_wconf 83' lang='grc'>,</span> <span class='ocrx_word' id='word_1_227' title='bbox 1303 2642 1438 2700; x_wconf 90' lang='lat' dir='ltr'><strong>pur-</strong></span> 
     </span>
     <span class='ocr_line' id='line_1_33' title="bbox 31 2702 1434 2789; baseline -0.002 -25"><span class='ocrx_word' id='word_1_228' title='bbox 31 2726 137 2768; x_wconf 83' lang='lat' dir='ltr'><strong>·ura</strong></span> <span class='ocrx_word' id='word_1_229' title='bbox 176 2726 428 2789; x_wconf 78' lang='lat' dir='ltr'>auroque</span> <span class='ocrx_word' id='word_1_230' title='bbox 470 2703 789 2787; x_wconf 73' lang='lat' dir='ltr'>fulgentia3</span> <span class='ocrx_word' id='word_1_231' title='bbox 836 2703 1115 2786; x_wconf 84' lang='lat' dir='ltr'>quidquid</span> <span class='ocrx_word' id='word_1_232' title='bbox 1157 2721 1252 2761; x_wconf 82' lang='lat' dir='ltr'>aut</span> <span class='ocrx_word' id='word_1_233' title='bbox 1284 2702 1434 2781; x_wconf 88' lang='lat' dir='ltr'>apud</span> 
     </span>
    </p>

    <p class='ocr_par' dir='ltr' id='par_1_3' title="bbox 1101 2800 1221 2864">
     <span class='ocr_line' id='line_1_34' title="bbox 1101 2800 1221 2864; baseline -0.008 -14"><span class='ocrx_word' id='word_1_234' title='bbox 1101 2800 1149 2850; x_wconf 86' lang='lat' dir='ltr'>V</span> <span class='ocrx_word' id='word_1_235' title='bbox 1176 2800 1221 2864; x_wconf 73' lang='lat' dir='ltr'>vj</span> 
     </span>
    </p>
   </div>
   <div class='ocr_carea' id='block_1_2' title="bbox 0 0 1690 3067">
    <p class='ocr_par' dir='ltr' id='par_1_4' title="bbox 0 0 1690 3067">
     <span class='ocr_line' id='line_1_35' title="bbox 0 0 1690 3067; baseline 0 0"><span class='ocrx_word' id='word_1_236' title='bbox 0 0 1690 3067; x_wconf 95' lang='lat' dir='ltr'> </span> 
     </span>
    </p>
   </div>
  </div>
 </body>
</html>
