1690 3067
199 87 458 145 LJVRE
495 82 663 144 VIM.
705 91 1163 143 CHAPJTRE
1196 94 1261 143 X.
1343 90 1467 168 *367

48 178 233 264 quitur
255 200 268 236 t
294 175 602 256 separatum
629 198 656 235 a
683 179 886 256 reginae
913 176 1108 236 ordine
1135 199 1332 257 agmen
1357 177 1466 249 est,

52 266 337 341 aequatque
360 259 595 317 luxuria.
619 258 862 316 Feminae
897 258 1087 337 epulas
1118 280 1331 337 parant.
1363 260 1464 319 Ab

32 342 231 406 =iisdern
256 341 445 398 vinum
483 339 817 399 ministratur
842 384 858 409 ‚
899 342 1054 418 cujus
1080 341 1336 399 omnibus
1360 339 1465 398 In-

31 422 124 494 :fdis
143 425 323 501 largus
349 419 424 480 est
452 441 596 479 usuS.
618 421 831 501 Regem
861 442 1015 479 mero
1048 419 1354 500 somnoque
1376 421 1463 481 so·-

27 505 211 586 ipitum
253 507 307 562 in
334 501 657 564 cubiculum
694 502 919 580 pellices
959 500 1202 561 referunt
1224 545 1242 572 ‚
1276 505 1459 582 patrio

26 585 275 650 icarmine
301 585 544 643 noffium
571 585 895 643 invocantes
922 582 1100 643 Deos,

121 666 264 738 Quis
301 664 492 724 credat
529 666 671 723 inter
703 665 824 725 haec
852 666 982 725 vitia
1023 686 1211 724 curam
1237 686 1352 724 esse
1382 659 1461 724 sa-

28 747 254 828 apientiae
279 744 303 804 ἓ
340 748 534 805 Unum
584 744 792 827 agreste
845 751 902 807 &
945 745 1232 805 horridum
1277 766 1455 826 genus

23 825 112 890 test
133 870 147 895 ,
185 849 326 907 quos
350 825 617 907 sapientes
645 822 869 888 vocant.
902 826 1081 908 Apud
1106 827 1208 895 hos
1246 848 1458 906 ocupa·-

38 914 92 969 ’τε
113 907 207 969 fati
229 907 376 968 diem
405 910 700 988 pulchrum
722 929 744 980 3
777 913 835 969 &
860 913 1018 970 vivos
1043 907 1093 968 se
1119 910 1352 968 cremari
1373 911 1457 987 ju-

33 989 168 1050 ¹bent
188 1034 203 1059 ,
247 990 449 1069 quibus
481 1011 574 1048 aut
598 987 777 1070 segnis
804 1011 934 1049 aetas
956 1035 972 1060 ,
1015 1010 1111 1049 aut
1142 991 1454 1049 incommo-

32 1071 102 1131 da
125 1070 390 1131 valetudo
418 1070 525 1130 est:
561 1074 929 1151 exspecstatam
972 1091 1208 1131 mortem
1235 1090 1338 1150 pro
1364 1072 1457 1131 de-

35 1150 233 1213 decore
280 1154 410 1213 vitae
450 1152 677 1211 habent.
715 1153 842 1212 Nec
884 1151 1030 1211 ullus
1071 1151 1402 1231 corporibus
1433 1195 1451 1223 ,

35 1254 154 1315 quae
196 1233 442 1294 senedffis
478 1232 674 1300 solvit,
713 1234 895 1292 honor
932 1232 1223 1292 redditur:
1265 1236 1453 1312 inqui-

16 1320 146 1376 mari
176 1334 374 1396 putant
400 1320 586 1393 ignem
607 1358 622 1384 ‚
656 1315 760 1373 nisi
797 1316 893 1395 qui
926 1312 1193 1394 spirantes
1230 1316 1449 1393 recipit.

23 1392 151 1465 filli,
183 1397 277 1477 qui
300 1397 352 1454 in
388 1395 618 1454 urbibus
649 1395 887 1475 publicis
918 1397 1166 1454 moribus
1192 1395 1407 1475 degunt
1430 1439 1448 1467 ,

36 1477 266 1546 siderum
294 1497 476 1536 motus
512 1477 645 1536 scite
678 1476 920 1556 spectare
956 1477 1253 1546 dicuntur,
1283 1482 1340 1536 &
1364 1476 1452 1536 fu-

36 1577 146 1617 tura
170 1558 491 1638 praedicere.
524 1559 650 1618 Nec
681 1581 1018 1639 quemquam
1049 1557 1351 1618 admovere
1372 1561 1452 1620 le·

36 1638 219 1699 tidiem
240 1639 478 1699 credunt
495 1683 510 1708 ,
529 1641 620 1699 cui
646 1642 960 1720 exspedlare
985 1640 1239 1699 interrito
1263 1641 1451 1703 liceat.

23 1714 183 1787 lDeos
205 1741 403 1799 putant
426 1720 700 1801 quidquid
724 1720 909 1782 colere
933 1741 1262 1798 coeperunt3
1284 1723 1450 1792 ¹arbo--

36 1821 111 1862 res
140 1804 405 1871 maxime,
434 1824 568 1882 quas
598 1802 807 1863 violare
838 1801 1074 1882 capitale
1106 1800 1196 1861 est.
1224 1803 1448 1864 Menses

36 1882 80 1940 in
103 1887 301 1963 quinos
325 1883 500 1942 denos
534 1884 944 1964 descripserunt
977 1881 1112 1943 dies,
1139 1882 1295 1942 Anni
1330 1885 1448 1964 ple·

32 1983 94 2024 na
121 1963 290 2044 spatia
323 1964 560 2025 servant.
595 1966 771 2024 Lunae
796 1986 960 2024 cursu
990 1984 1188 2022 notant
1223 1985 1448 2045 tempo-

20 2066 84 2105 ³ta
103 2087 120 2114 ,
153 2067 265 2104 non
287 2066 349 2104 ut
375 2046 626 2126 plerique
650 2090 664 2114 ,
694 2069 823 2106 curn
855 2047 1050 2104 orbem
1082 2043 1232 2103 sidus
1257 2048 1447 2125 imple-

37 2125 141 2201 vit3
171 2125 264 2186 sed
297 2149 422 2185 cum
457 2126 508 2185 se
543 2149 774 2187 curvare
805 2132 976 2206 coepit
1010 2132 1062 2186 in
1105 2147 1334 2186 cornua.
1369 2129 1446 2188 Et

27 2205 236 2269 ideirco
261 2207 544 2267 breviores
576 2210 782 2268 habent
814 2230 1026 2268 menses
1046 2253 1062 2279 ,
1095 2210 1190 2288 qui
1210 2207 1446 2288 spatium

36 2309 217 2348 eorum
243 2288 311 2348 ad
336 2290 481 2349 hunc
516 2290 658 2349 lunae
691 2290 920 2350 modum
960 2289 1226 2369 dirigunt.
1260 2291 1445 2351 Multa

34 2371 86 2430 &
113 2369 210 2429 alia
245 2371 541 2430 traduntur
562 2415 578 2440 ‚
616 2373 817 2452 quibus
851 2373 1053 2430 morari
1077 2369 1330 2433 ordinem
1355 2395 1443 2434 re·

37 2471 174 2522 rum,
214 2451 361 2512 haud
381 2452 503 2514 sane
534 2475 717 2533 operae
749 2452 1066 2516 videbatur.

0 2614 20 2689 ,'
106 2616 280 2676 CAP.
317 2615 392 2673 X.
431 2614 614 2694 Igitur
637 2615 965 2684 Alexandro
997 2615 1134 2677 fines
1165 2613 1341 2676 Indiae
1363 2615 1439 2674 im

0 2717 205 2774 {igresso
252 2699 502 2780 gentium
540 2695 754 2756 suarum
800 2697 978 2780 reguli
1024 2717 1390 2759 occurrerunt
1417 2737 1435 2767 ,

1163 2797 1276 2862 in
