<?xml version="1.0" encoding="UTF-8"?>
<!DOCTYPE html PUBLIC "-//W3C//DTD XHTML 1.0 Transitional//EN"
    "http://www.w3.org/TR/xhtml1/DTD/xhtml1-transitional.dtd">
<html xmlns="http://www.w3.org/1999/xhtml" xml:lang="en" lang="en">
 <head>
  <title>
</title>
<meta http-equiv="Content-Type" content="text/html;charset=utf-8" />
  <meta name='ocr-system' content='tesseract 3.04.00' />
  <meta name='ocr-capabilities' content='ocr_page ocr_carea ocr_par ocr_line ocrx_word'/>
</head>
<body>
  <div class='ocr_page' id='page_1' title='image "./histoiredalexand02curt_0366.png"; bbox 0 0 1690 3067; ppageno 0'>
   <div class='ocr_carea' id='block_1_1' title="bbox 0 2201 6 2711">
    <p class='ocr_par' dir='ltr' id='par_1_1' title="bbox 0 2201 6 2711">
     <span class='ocr_line' id='line_1_1' title="bbox 0 2201 6 2711; baseline 0 0"><span class='ocrx_word' id='word_1_1' title='bbox 0 2201 6 2711; x_wconf 95' lang='lat' dir='ltr'> </span> 
     </span>
    </p>
   </div>
   <div class='ocr_carea' id='block_1_2' title="bbox 0 2841 14 3067">
    <p class='ocr_par' dir='ltr' id='par_1_2' title="bbox 0 2841 14 3067">
     <span class='ocr_line' id='line_1_2' title="bbox 0 2841 14 3067; baseline 0 0"><span class='ocrx_word' id='word_1_2' title='bbox 0 2841 14 3067; x_wconf 63' lang='lat' dir='ltr'>i</span> 
     </span>
    </p>
   </div>
   <div class='ocr_carea' id='block_1_3' title="bbox 151 92 1592 2794">
    <p class='ocr_par' dir='ltr' id='par_1_3' title="bbox 151 92 1586 998">
     <span class='ocr_line' id='line_1_3' title="bbox 155 92 1328 168; baseline 0 -20"><span class='ocrx_word' id='word_1_3' title='bbox 155 97 252 166; x_wconf 74' lang='lat'>356</span> <span class='ocrx_word' id='word_1_4' title='bbox 436 92 1328 168; x_wconf 72' lang='lat' dir='ltr'><strong><em>QUINTE-CURCE,</em></strong></span> 
     </span>
     <span class='ocr_line' id='line_1_4' title="bbox 151 179 1584 265; baseline -0.002 -21"><span class='ocrx_word' id='word_1_5' title='bbox 151 208 183 237; x_wconf 69' lang='lat' dir='ltr'>x&gt;</span> <span class='ocrx_word' id='word_1_6' title='bbox 213 184 507 244; x_wconf 82' lang='lat' dir='ltr'>vobiscum</span> <span class='ocrx_word' id='word_1_7' title='bbox 534 229 548 255; x_wconf 90' lang='lat'><strong><em>,</em></strong></span> <span class='ocrx_word' id='word_1_8' title='bbox 588 207 692 265; x_wconf 89' lang='lat' dir='ltr'>pro</span> <span class='ocrx_word' id='word_1_9' title='bbox 743 187 978 265; x_wconf 86' lang='lat' dir='ltr'>imperio</span> <span class='ocrx_word' id='word_1_10' title='bbox 1030 182 1211 244; x_wconf 78' lang='lat' dir='ltr'>vestro</span> <span class='ocrx_word' id='word_1_11' title='bbox 1263 179 1584 262; x_wconf 85' lang='lat' dir='ltr'>sanguinem</span> 
     </span>
     <span class='ocr_line' id='line_1_5' title="bbox 153 265 1584 348; baseline 0.001 -26"><span class='ocrx_word' id='word_1_12' title='bbox 153 290 186 318; x_wconf 76' lang='lat'>³0</span> <span class='ocrx_word' id='word_1_13' title='bbox 215 266 457 326; x_wconf 73' lang='lat' dir='ltr'>fundunt</span> <span class='ocrx_word' id='word_1_14' title='bbox 490 309 506 336; x_wconf 88' lang='lat'>,</span> <span class='ocrx_word' id='word_1_15' title='bbox 554 268 648 348; x_wconf 89' lang='lat' dir='ltr'>qui</span> <span class='ocrx_word' id='word_1_16' title='bbox 698 266 929 347; x_wconf 77' lang='lat' dir='ltr'>superbe</span> <span class='ocrx_word' id='word_1_17' title='bbox 980 267 1156 325; x_wconf 84' lang='lat' dir='ltr'>habiti</span> <span class='ocrx_word' id='word_1_18' title='bbox 1204 265 1584 324; x_wconf 78' lang='lat' dir='ltr'>rebellassent.</span> 
     </span>
     <span class='ocr_line' id='line_1_6' title="bbox 154 345 1585 426; baseline -0.002 -21"><span class='ocrx_word' id='word_1_19' title='bbox 154 373 187 399; x_wconf 64' lang='grc' dir='ltr'>ιο</span> <span class='ocrx_word' id='word_1_20' title='bbox 215 349 349 406; x_wconf 91' lang='lat' dir='ltr'>Non</span> <span class='ocrx_word' id='word_1_21' title='bbox 376 348 451 407; x_wconf 92' lang='lat' dir='ltr'>est</span> <span class='ocrx_word' id='word_1_22' title='bbox 475 348 734 408; x_wconf 87' lang='lat' dir='ltr'>diuturna</span> <span class='ocrx_word' id='word_1_23' title='bbox 766 349 1041 426; x_wconf 81' lang='lat' dir='ltr'>possessio</span> <span class='ocrx_word' id='word_1_24' title='bbox 1063 390 1080 416; x_wconf 83' lang='lat'><em>,</em></span> <span class='ocrx_word' id='word_1_25' title='bbox 1116 348 1168 404; x_wconf 89' lang='lat' dir='ltr'>in</span> <span class='ocrx_word' id='word_1_26' title='bbox 1203 369 1370 426; x_wconf 84' lang='lat' dir='ltr'>quam</span> <span class='ocrx_word' id='word_1_27' title='bbox 1394 345 1585 425; x_wconf 85' lang='lat' dir='ltr'>gladio</span> 
     </span>
     <span class='ocr_line' id='line_1_7' title="bbox 153 428 1585 509; baseline -0.001 -23"><span class='ocrx_word' id='word_1_28' title='bbox 153 457 185 481; x_wconf 67' lang='grc' dir='ltr'><strong><em>ω</em></strong></span> <span class='ocrx_word' id='word_1_29' title='bbox 213 429 567 489; x_wconf 85' lang='lat' dir='ltr'>inducimur:</span> <span class='ocrx_word' id='word_1_30' title='bbox 614 429 1017 489; x_wconf 85' lang='lat' dir='ltr'>beneficiorum</span> <span class='ocrx_word' id='word_1_31' title='bbox 1051 428 1225 509; x_wconf 83' lang='lat' dir='ltr'>gratia</span> <span class='ocrx_word' id='word_1_32' title='bbox 1257 431 1585 506; x_wconf 79' lang='lat' dir='ltr'>{empiterna</span> 
     </span>
     <span class='ocr_line' id='line_1_8' title="bbox 154 508 1585 581; baseline -0.004 -11"><span class='ocrx_word' id='word_1_33' title='bbox 154 539 185 563; x_wconf 63' lang='grc' dir='ltr'>ιο</span> <span class='ocrx_word' id='word_1_34' title='bbox 216 509 310 570; x_wconf 91' lang='lat' dir='ltr'>est.</span> <span class='ocrx_word' id='word_1_35' title='bbox 341 513 401 571; x_wconf 91' lang='lat' dir='ltr'>Si</span> <span class='ocrx_word' id='word_1_36' title='bbox 422 511 625 571; x_wconf 85' lang='lat' dir='ltr'>habere</span> <span class='ocrx_word' id='word_1_37' title='bbox 651 513 843 570; x_wconf 80' lang='lat' dir='ltr'>Asiam</span> <span class='ocrx_word' id='word_1_38' title='bbox 861 553 876 578; x_wconf 83' lang='lat'>,</span> <span class='ocrx_word' id='word_1_39' title='bbox 900 533 1010 569; x_wconf 88' lang='lat' dir='ltr'>non</span> <span class='ocrx_word' id='word_1_40' title='bbox 1035 512 1264 569; x_wconf 82' lang='lat' dir='ltr'>transire</span> <span class='ocrx_word' id='word_1_41' title='bbox 1285 508 1585 581; x_wconf 73' lang='lat' dir='ltr'>voiurnus3</span> 
     </span>
     <span class='ocr_line' id='line_1_9' title="bbox 155 586 1585 653; baseline -0.003 -2"><span class='ocrx_word' id='word_1_42' title='bbox 155 621 189 644; x_wconf 77' lang='lat'>20</span> <span class='ocrx_word' id='word_1_43' title='bbox 218 614 346 652; x_wconf 88' lang='lat' dir='ltr'>cum</span> <span class='ocrx_word' id='word_1_44' title='bbox 388 595 470 653; x_wconf 85' lang='lat' dir='ltr'>his</span> <span class='ocrx_word' id='word_1_45' title='bbox 505 586 970 652; x_wconf 82' lang='lat' dir='ltr'>communicanda</span> <span class='ocrx_word' id='word_1_46' title='bbox 1011 591 1086 651; x_wconf 80' lang='lat' dir='ltr'>est</span> <span class='ocrx_word' id='word_1_47' title='bbox 1117 590 1297 652; x_wconf 79' lang='lat' dir='ltr'>nostra</span> <span class='ocrx_word' id='word_1_48' title='bbox 1336 589 1585 650; x_wconf 85' lang='lat' dir='ltr'>clemen-</span> 
     </span>
     <span class='ocr_line' id='line_1_10' title="bbox 155 671 1586 733; baseline 0 -1"><span class='ocrx_word' id='word_1_49' title='bbox 155 699 187 726; x_wconf 71' lang='lat'>:20</span> <span class='ocrx_word' id='word_1_50' title='bbox 215 676 291 732; x_wconf 90' lang='lat' dir='ltr'>tia</span> <span class='ocrx_word' id='word_1_51' title='bbox 328 696 340 731; x_wconf 88' lang='lat'><strong>:</strong></span> <span class='ocrx_word' id='word_1_52' title='bbox 376 676 573 732; x_wconf 79' lang='lat' dir='ltr'>horum</span> <span class='ocrx_word' id='word_1_53' title='bbox 620 673 759 733; x_wconf 88' lang='lat' dir='ltr'>fides</span> <span class='ocrx_word' id='word_1_54' title='bbox 798 673 986 731; x_wconf 85' lang='lat' dir='ltr'>stabile</span> <span class='ocrx_word' id='word_1_55' title='bbox 1022 678 1078 732; x_wconf 63' lang='grc' dir='ltr'>ἃς</span> <span class='ocrx_word' id='word_1_56' title='bbox 1117 695 1386 732; x_wconf 72' lang='lat' dir='ltr'>aeternum</span> <span class='ocrx_word' id='word_1_57' title='bbox 1418 671 1586 732; x_wconf 82' lang='lat' dir='ltr'>faciet</span> 
     </span>
     <span class='ocr_line' id='line_1_11' title="bbox 152 755 1584 835; baseline 0.002 -26"><span class='ocrx_word' id='word_1_58' title='bbox 152 760 186 808; x_wconf 60' lang='lat' dir='ltr'>s&gt;</span> <span class='ocrx_word' id='word_1_59' title='bbox 217 757 529 835; x_wconf 83' lang='lat' dir='ltr'>imperium.</span> <span class='ocrx_word' id='word_1_60' title='bbox 557 756 630 813; x_wconf 84' lang='lat' dir='ltr'>Et</span> <span class='ocrx_word' id='word_1_61' title='bbox 655 755 778 814; x_wconf 86' lang='lat' dir='ltr'>sane</span> <span class='ocrx_word' id='word_1_62' title='bbox 805 756 929 835; x_wconf 87' lang='lat' dir='ltr'>plus</span> <span class='ocrx_word' id='word_1_63' title='bbox 955 756 1256 823; x_wconf 70' lang='lat' dir='ltr'>habemns,</span> <span class='ocrx_word' id='word_1_64' title='bbox 1286 777 1454 835; x_wconf 84' lang='lat' dir='ltr'>quarn</span> <span class='ocrx_word' id='word_1_65' title='bbox 1490 777 1584 812; x_wconf 85' lang='lat' dir='ltr'>ca·</span> 
     </span>
     <span class='ocr_line' id='line_1_12' title="bbox 153 834 1585 915; baseline -0.002 -19"><span class='ocrx_word' id='word_1_66' title='bbox 153 866 186 888; x_wconf 81' lang='lat'>20</span> <span class='ocrx_word' id='word_1_67' title='bbox 216 842 412 915; x_wconf 79' lang='lat' dir='ltr'>pimus.</span> <span class='ocrx_word' id='word_1_68' title='bbox 447 836 784 897; x_wconf 64' lang='lat' dir='ltr'>Insatiabilis</span> <span class='ocrx_word' id='word_1_69' title='bbox 829 857 1015 896; x_wconf 87' lang='lat' dir='ltr'>autem</span> <span class='ocrx_word' id='word_1_70' title='bbox 1051 839 1295 895; x_wconf 83' lang='lat' dir='ltr'>avaritiae</span> <span class='ocrx_word' id='word_1_71' title='bbox 1334 834 1448 904; x_wconf 82' lang='lat' dir='ltr'>est,</span> <span class='ocrx_word' id='word_1_72' title='bbox 1484 835 1585 894; x_wconf 81' lang='lat' dir='ltr'>ad-</span> 
     </span>
     <span class='ocr_line' id='line_1_13' title="bbox 157 917 1504 998; baseline 0 -26"><span class='ocrx_word' id='word_1_73' title='bbox 157 945 189 971; x_wconf 78' lang='lat'>:0</span> <span class='ocrx_word' id='word_1_74' title='bbox 218 920 325 976; x_wconf 83' lang='lat' dir='ltr'>huc</span> <span class='ocrx_word' id='word_1_75' title='bbox 352 919 583 998; x_wconf 84' lang='lat' dir='ltr'>implere</span> <span class='ocrx_word' id='word_1_76' title='bbox 615 918 759 978; x_wconf 83' lang='lat' dir='ltr'>velle</span> <span class='ocrx_word' id='word_1_77' title='bbox 781 961 796 986; x_wconf 88' lang='grc'>,</span> <span class='ocrx_word' id='word_1_78' title='bbox 833 917 988 998; x_wconf 84' lang='lat' dir='ltr'>quod</span> <span class='ocrx_word' id='word_1_79' title='bbox 1014 922 1121 997; x_wconf 75' lang='lat' dir='ltr'>jam</span> <span class='ocrx_word' id='word_1_80' title='bbox 1149 917 1504 977; x_wconf 76' lang='lat' dir='ltr'>circumfluit.</span> 
     </span>
    </p>

    <p class='ocr_par' dir='ltr' id='par_1_4' title="bbox 153 998 1592 2794">
     <span class='ocr_line' id='line_1_14' title="bbox 236 998 1586 1059; baseline -0.002 0"><span class='ocrx_word' id='word_1_81' title='bbox 236 1030 268 1052; x_wconf 63' lang='grc' dir='ltr'>ιο</span> <span class='ocrx_word' id='word_1_82' title='bbox 294 998 696 1059; x_wconf 69' lang='lat' dir='ltr'>Verumtamen</span> <span class='ocrx_word' id='word_1_83' title='bbox 723 1022 918 1058; x_wconf 88' lang='lat' dir='ltr'>eorum</span> <span class='ocrx_word' id='word_1_84' title='bbox 947 1021 1125 1058; x_wconf 82' lang='lat' dir='ltr'>mores</span> <span class='ocrx_word' id='word_1_85' title='bbox 1159 1001 1212 1058; x_wconf 91' lang='lat' dir='ltr'>in</span> <span class='ocrx_word' id='word_1_86' title='bbox 1240 998 1586 1057; x_wconf 80' lang='lat' dir='ltr'>Macedonas</span> 
     </span>
     <span class='ocr_line' id='line_1_15' title="bbox 153 1080 1592 1161; baseline 0.001 -26"><span class='ocrx_word' id='word_1_87' title='bbox 153 1111 187 1135; x_wconf 80' lang='lat'>:0</span> <span class='ocrx_word' id='word_1_88' title='bbox 213 1080 545 1141; x_wconf 78' lang='lat' dir='ltr'>transfundo</span> <span class='ocrx_word' id='word_1_89' title='bbox 569 1083 580 1139; x_wconf 73' lang='grc' dir='ltr'>ἱ</span> <span class='ocrx_word' id='word_1_90' title='bbox 606 1081 675 1139; x_wconf 85' lang='lat' dir='ltr'>In</span> <span class='ocrx_word' id='word_1_91' title='bbox 702 1081 889 1140; x_wconf 85' lang='lat' dir='ltr'>multis</span> <span class='ocrx_word' id='word_1_92' title='bbox 914 1086 1057 1140; x_wconf 79' lang='lat' dir='ltr'>enirn</span> <span class='ocrx_word' id='word_1_93' title='bbox 1084 1081 1346 1161; x_wconf 85' lang='lat' dir='ltr'>gentibus</span> <span class='ocrx_word' id='word_1_94' title='bbox 1368 1102 1482 1141; x_wconf 88' lang='lat' dir='ltr'>esse</span> <span class='ocrx_word' id='word_1_95' title='bbox 1504 1081 1592 1141; x_wconf 85' lang='lat' dir='ltr'>vi-</span> 
     </span>
     <span class='ocr_line' id='line_1_16' title="bbox 155 1163 1586 1244; baseline 0.003 -27"><span class='ocrx_word' id='word_1_96' title='bbox 155 1192 189 1217; x_wconf 78' lang='lat' dir='ltr'>:o</span> <span class='ocrx_word' id='word_1_97' title='bbox 216 1163 324 1223; x_wconf 86' lang='lat' dir='ltr'>deo</span> <span class='ocrx_word' id='word_1_98' title='bbox 360 1207 375 1233; x_wconf 88' lang='lat'>,</span> <span class='ocrx_word' id='word_1_99' title='bbox 420 1185 545 1244; x_wconf 82' lang='lat' dir='ltr'>quae</span> <span class='ocrx_word' id='word_1_100' title='bbox 586 1184 701 1222; x_wconf 90' lang='lat' dir='ltr'>non</span> <span class='ocrx_word' id='word_1_101' title='bbox 741 1163 1134 1221; x_wconf 87' lang='lat' dir='ltr'>erubescamus</span> <span class='ocrx_word' id='word_1_102' title='bbox 1175 1164 1377 1222; x_wconf 82' lang='lat' dir='ltr'>imitari</span> <span class='ocrx_word' id='word_1_103' title='bbox 1417 1183 1431 1220; x_wconf 74' lang='grc' dir='ltr'><strong><em>ε</em></strong></span> <span class='ocrx_word' id='word_1_104' title='bbox 1482 1183 1586 1221; x_wconf 84' lang='lat' dir='ltr'>nec</span> 
     </span>
     <span class='ocr_line' id='line_1_17' title="bbox 155 1243 1586 1324; baseline -0.002 -20"><span class='ocrx_word' id='word_1_105' title='bbox 155 1274 190 1298; x_wconf 66' lang='grc' dir='ltr'>ιο</span> <span class='ocrx_word' id='word_1_106' title='bbox 219 1245 375 1304; x_wconf 84' lang='lat' dir='ltr'>aliter</span> <span class='ocrx_word' id='word_1_107' title='bbox 414 1265 634 1304; x_wconf 87' lang='lat' dir='ltr'>tantum</span> <span class='ocrx_word' id='word_1_108' title='bbox 678 1249 971 1323; x_wconf 84' lang='lat' dir='ltr'>imperium</span> <span class='ocrx_word' id='word_1_109' title='bbox 1028 1265 1155 1324; x_wconf 87' lang='lat' dir='ltr'>apte</span> <span class='ocrx_word' id='word_1_110' title='bbox 1202 1245 1320 1324; x_wconf 80' lang='lat' dir='ltr'>regi</span> <span class='ocrx_word' id='word_1_111' title='bbox 1358 1243 1541 1322; x_wconf 87' lang='lat' dir='ltr'>potest</span> <span class='ocrx_word' id='word_1_112' title='bbox 1567 1286 1586 1313; x_wconf 88' lang='lat'>‚</span> 
     </span>
     <span class='ocr_line' id='line_1_18' title="bbox 154 1320 1589 1406; baseline -0.003 -20"><span class='ocrx_word' id='word_1_113' title='bbox 154 1355 189 1379; x_wconf 67' lang='grc' dir='ltr'>ιο</span> <span class='ocrx_word' id='word_1_114' title='bbox 215 1348 382 1406; x_wconf 85' lang='lat' dir='ltr'>quam</span> <span class='ocrx_word' id='word_1_115' title='bbox 409 1345 471 1386; x_wconf 91' lang='lat' dir='ltr'>ut</span> <span class='ocrx_word' id='word_1_116' title='bbox 495 1324 749 1406; x_wconf 85' lang='lat' dir='ltr'>quaedam</span> <span class='ocrx_word' id='word_1_117' title='bbox 779 1331 837 1384; x_wconf 89' lang='lat'>&amp;</span> <span class='ocrx_word' id='word_1_118' title='bbox 869 1324 1153 1384; x_wconf 83' lang='lat' dir='ltr'>tradamus</span> <span class='ocrx_word' id='word_1_119' title='bbox 1176 1324 1256 1383; x_wconf 84' lang='lat' dir='ltr'>illi</span> <span class='ocrx_word' id='word_1_120' title='bbox 1278 1369 1295 1394; x_wconf 83' lang='lat'>‚</span> <span class='ocrx_word' id='word_1_121' title='bbox 1327 1327 1385 1383; x_wconf 85' lang='lat'>&amp;</span> <span class='ocrx_word' id='word_1_122' title='bbox 1410 1324 1477 1383; x_wconf 88' lang='lat' dir='ltr'>ab</span> <span class='ocrx_word' id='word_1_123' title='bbox 1502 1320 1589 1383; x_wconf 68' lang='lat' dir='ltr'>iis2</span> 
     </span>
     <span class='ocr_line' id='line_1_19' title="bbox 155 1404 1585 1487; baseline 0.003 -25"><span class='ocrx_word' id='word_1_124' title='bbox 155 1436 190 1462; x_wconf 54' lang='grc' dir='ltr'>α)</span> <span class='ocrx_word' id='word_1_125' title='bbox 215 1409 344 1467; x_wconf 88' lang='lat' dir='ltr'>dem</span> <span class='ocrx_word' id='word_1_126' title='bbox 371 1408 665 1467; x_wconf 81' lang='lat' dir='ltr'>discamuS.</span> <span class='ocrx_word' id='word_1_127' title='bbox 697 1406 850 1466; x_wconf 88' lang='lat' dir='ltr'>Illud</span> <span class='ocrx_word' id='word_1_128' title='bbox 879 1427 1020 1483; x_wconf 86' lang='lat' dir='ltr'>pene</span> <span class='ocrx_word' id='word_1_129' title='bbox 1047 1406 1280 1487; x_wconf 80' lang='lat' dir='ltr'>dignum</span> <span class='ocrx_word' id='word_1_130' title='bbox 1303 1407 1416 1465; x_wconf 90' lang='lat' dir='ltr'>risu</span> <span class='ocrx_word' id='word_1_131' title='bbox 1444 1404 1585 1476; x_wconf 87' lang='lat' dir='ltr'>fuit,</span> 
     </span>
     <span class='ocr_line' id='line_1_20' title="bbox 156 1485 1588 1570; baseline -0.001 -22"><span class='ocrx_word' id='word_1_132' title='bbox 156 1518 190 1542; x_wconf 65' lang='grc' dir='ltr'>υ</span> <span class='ocrx_word' id='word_1_133' title='bbox 221 1489 376 1570; x_wconf 87' lang='lat' dir='ltr'>quod</span> <span class='ocrx_word' id='word_1_134' title='bbox 410 1488 748 1548; x_wconf 72' lang='lat' dir='ltr'>Hermolaus</span> <span class='ocrx_word' id='word_1_135' title='bbox 780 1485 1095 1569; x_wconf 83' lang='lat' dir='ltr'>postulabat</span> <span class='ocrx_word' id='word_1_136' title='bbox 1123 1511 1150 1547; x_wconf 85' lang='lat' dir='ltr'>a</span> <span class='ocrx_word' id='word_1_137' title='bbox 1178 1510 1264 1547; x_wconf 79' lang='lat' dir='ltr'>me</span> <span class='ocrx_word' id='word_1_138' title='bbox 1288 1531 1304 1557; x_wconf 85' lang='grc'>,</span> <span class='ocrx_word' id='word_1_139' title='bbox 1341 1508 1404 1546; x_wconf 89' lang='lat' dir='ltr'>ut</span> <span class='ocrx_word' id='word_1_140' title='bbox 1429 1509 1588 1548; x_wconf 87' lang='lat' dir='ltr'>aver-</span> 
     </span>
     <span class='ocr_line' id='line_1_21' title="bbox 156 1569 1588 1651; baseline -0.002 -20"><span class='ocrx_word' id='word_1_141' title='bbox 156 1600 191 1624; x_wconf 62' lang='grc' dir='ltr'>ω</span> <span class='ocrx_word' id='word_1_142' title='bbox 218 1571 361 1631; x_wconf 84' lang='lat' dir='ltr'>sarer</span> <span class='ocrx_word' id='word_1_143' title='bbox 399 1571 599 1632; x_wconf 86' lang='lat' dir='ltr'>Jovem</span> <span class='ocrx_word' id='word_1_144' title='bbox 624 1614 638 1640; x_wconf 85' lang='lat'>‚</span> <span class='ocrx_word' id='word_1_145' title='bbox 676 1573 834 1651; x_wconf 86' lang='lat' dir='ltr'>cujus</span> <span class='ocrx_word' id='word_1_146' title='bbox 873 1569 1103 1629; x_wconf 85' lang='lat' dir='ltr'>oraculo</span> <span class='ocrx_word' id='word_1_147' title='bbox 1149 1591 1447 1650; x_wconf 82' lang='lat' dir='ltr'>agnoscor.</span> <span class='ocrx_word' id='word_1_148' title='bbox 1487 1570 1588 1628; x_wconf 83' lang='lat' dir='ltr'>An</span> 
     </span>
     <span class='ocr_line' id='line_1_22' title="bbox 154 1649 1587 1734; baseline -0.003 -20"><span class='ocrx_word' id='word_1_149' title='bbox 154 1681 189 1706; x_wconf 66' lang='grc' dir='ltr'><em>ω</em></span> <span class='ocrx_word' id='word_1_150' title='bbox 220 1654 383 1714; x_wconf 84' lang='lat' dir='ltr'>etiam</span> <span class='ocrx_word' id='word_1_151' title='bbox 417 1651 553 1734; x_wconf 88' lang='lat' dir='ltr'>quid</span> <span class='ocrx_word' id='word_1_152' title='bbox 587 1649 685 1712; x_wconf 76' lang='lat' dir='ltr'>Dii</span> <span class='ocrx_word' id='word_1_153' title='bbox 719 1650 1096 1734; x_wconf 74' lang='lat' dir='ltr'>respondeant</span> <span class='ocrx_word' id='word_1_154' title='bbox 1120 1695 1136 1721; x_wconf 88' lang='lat'><strong><em>,</em></strong></span> <span class='ocrx_word' id='word_1_155' title='bbox 1169 1654 1220 1709; x_wconf 86' lang='lat' dir='ltr'>in</span> <span class='ocrx_word' id='word_1_156' title='bbox 1248 1674 1365 1711; x_wconf 86' lang='lat' dir='ltr'>mea</span> <span class='ocrx_word' id='word_1_157' title='bbox 1397 1650 1587 1731; x_wconf 84' lang='lat' dir='ltr'>potes-</span> 
     </span>
     <span class='ocr_line' id='line_1_23' title="bbox 156 1733 1588 1813; baseline -0.002 -17"><span class='ocrx_word' id='word_1_158' title='bbox 156 1764 192 1788; x_wconf 69' lang='grc' dir='ltr'><em>ω</em></span> <span class='ocrx_word' id='word_1_159' title='bbox 220 1757 336 1796; x_wconf 84' lang='lat' dir='ltr'>tate</span> <span class='ocrx_word' id='word_1_160' title='bbox 364 1734 438 1794; x_wconf 90' lang='lat' dir='ltr'>est</span> <span class='ocrx_word' id='word_1_161' title='bbox 460 1744 483 1790; x_wconf 64' lang='grc' dir='ltr'><em>ἒ</em></span> <span class='ocrx_word' id='word_1_162' title='bbox 524 1735 759 1795; x_wconf 83' lang='lat' dir='ltr'>Obtulit</span> <span class='ocrx_word' id='word_1_163' title='bbox 783 1756 983 1794; x_wconf 85' lang='lat' dir='ltr'>nomen</span> <span class='ocrx_word' id='word_1_164' title='bbox 1012 1733 1110 1794; x_wconf 77' lang='lat' dir='ltr'>filii</span> <span class='ocrx_word' id='word_1_165' title='bbox 1133 1734 1264 1793; x_wconf 88' lang='lat' dir='ltr'>mihi</span> <span class='ocrx_word' id='word_1_166' title='bbox 1293 1755 1305 1792; x_wconf 91' lang='lat'>:</span> <span class='ocrx_word' id='word_1_167' title='bbox 1340 1735 1588 1813; x_wconf 85' lang='lat' dir='ltr'>recipere</span> 
     </span>
     <span class='ocr_line' id='line_1_24' title="bbox 157 1814 1587 1897; baseline 0.003 -27"><span class='ocrx_word' id='word_1_168' title='bbox 157 1844 193 1870; x_wconf 63' lang='grc' dir='ltr'><strong>ω</strong></span> <span class='ocrx_word' id='word_1_169' title='bbox 221 1819 348 1896; x_wconf 72' lang='lat' dir='ltr'>ipsis</span> <span class='ocrx_word' id='word_1_170' title='bbox 388 1817 555 1876; x_wconf 84' lang='lat' dir='ltr'>rebus</span> <span class='ocrx_word' id='word_1_171' title='bbox 594 1861 609 1886; x_wconf 83' lang='lat'>‚</span> <span class='ocrx_word' id='word_1_172' title='bbox 660 1839 797 1897; x_wconf 89' lang='lat' dir='ltr'>quas</span> <span class='ocrx_word' id='word_1_173' title='bbox 842 1818 1054 1897; x_wconf 84' lang='lat' dir='ltr'>agimus</span> <span class='ocrx_word' id='word_1_174' title='bbox 1088 1840 1105 1884; x_wconf 66' lang='lat'><em>3</em></span> <span class='ocrx_word' id='word_1_175' title='bbox 1154 1814 1302 1874; x_wconf 91' lang='lat' dir='ltr'>haud</span> <span class='ocrx_word' id='word_1_176' title='bbox 1348 1814 1587 1874; x_wconf 86' lang='lat' dir='ltr'>alienum</span> 
     </span>
     <span class='ocr_line' id='line_1_25' title="bbox 158 1896 1587 1978; baseline 0.003 -26"><span class='ocrx_word' id='word_1_177' title='bbox 158 1927 192 1952; x_wconf 64' lang='grc' dir='ltr'><strong><em>ω</em></strong></span> <span class='ocrx_word' id='word_1_178' title='bbox 220 1897 344 1957; x_wconf 87' lang='lat' dir='ltr'>fuit.</span> <span class='ocrx_word' id='word_1_179' title='bbox 391 1900 625 1957; x_wconf 89' lang='lat' dir='ltr'>Utinam</span> <span class='ocrx_word' id='word_1_180' title='bbox 667 1898 798 1958; x_wconf 88' lang='lat' dir='ltr'>Indi</span> <span class='ocrx_word' id='word_1_181' title='bbox 842 1920 1070 1978; x_wconf 84' lang='lat' dir='ltr'>quoque</span> <span class='ocrx_word' id='word_1_182' title='bbox 1113 1896 1303 1956; x_wconf 86' lang='lat' dir='ltr'>Deum</span> <span class='ocrx_word' id='word_1_183' title='bbox 1343 1918 1459 1956; x_wconf 88' lang='lat' dir='ltr'>esse</span> <span class='ocrx_word' id='word_1_184' title='bbox 1500 1918 1587 1956; x_wconf 87' lang='lat' dir='ltr'>me</span> 
     </span>
     <span class='ocr_line' id='line_1_26' title="bbox 159 1976 1588 2058; baseline -0.001 -18"><span class='ocrx_word' id='word_1_185' title='bbox 159 2008 192 2033; x_wconf 75' lang='grc' dir='ltr'>σο</span> <span class='ocrx_word' id='word_1_186' title='bbox 222 1978 472 2040; x_wconf 82' lang='lat' dir='ltr'>credant.</span> <span class='ocrx_word' id='word_1_187' title='bbox 505 1981 676 2039; x_wconf 86' lang='lat' dir='ltr'>Fama</span> <span class='ocrx_word' id='word_1_188' title='bbox 707 1982 850 2040; x_wconf 85' lang='lat' dir='ltr'>enim</span> <span class='ocrx_word' id='word_1_189' title='bbox 878 1980 1024 2039; x_wconf 75' lang='lat' dir='ltr'>bella</span> <span class='ocrx_word' id='word_1_190' title='bbox 1052 1978 1340 2050; x_wconf 80' lang='lat' dir='ltr'>constant3</span> <span class='ocrx_word' id='word_1_191' title='bbox 1368 1981 1426 2037; x_wconf 83' lang='lat'>&amp;</span> <span class='ocrx_word' id='word_1_192' title='bbox 1446 1976 1588 2058; x_wconf 75' lang='lat' dir='ltr'>saepe</span> 
     </span>
     <span class='ocr_line' id='line_1_27' title="bbox 156 2059 1588 2141; baseline -0.001 -20"><span class='ocrx_word' id='word_1_193' title='bbox 156 2089 192 2114; x_wconf 77' lang='lat' dir='ltr'>:o</span> <span class='ocrx_word' id='word_1_194' title='bbox 220 2064 383 2121; x_wconf 86' lang='lat' dir='ltr'>etiam</span> <span class='ocrx_word' id='word_1_195' title='bbox 405 2105 420 2130; x_wconf 84' lang='lat'><strong>,</strong></span> <span class='ocrx_word' id='word_1_196' title='bbox 449 2062 606 2141; x_wconf 86' lang='lat' dir='ltr'>quod</span> <span class='ocrx_word' id='word_1_197' title='bbox 636 2062 772 2121; x_wconf 82' lang='lat' dir='ltr'>falso</span> <span class='ocrx_word' id='word_1_198' title='bbox 805 2061 1080 2121; x_wconf 82' lang='lat' dir='ltr'>creditum</span> <span class='ocrx_word' id='word_1_199' title='bbox 1113 2059 1188 2119; x_wconf 88' lang='lat' dir='ltr'>est</span> <span class='ocrx_word' id='word_1_200' title='bbox 1212 2103 1226 2127; x_wconf 85' lang='lat'>‚</span> <span class='ocrx_word' id='word_1_201' title='bbox 1258 2060 1374 2120; x_wconf 87' lang='lat' dir='ltr'>veri</span> <span class='ocrx_word' id='word_1_202' title='bbox 1408 2061 1588 2119; x_wconf 84' lang='lat' dir='ltr'>vicem</span> 
     </span>
     <span class='ocr_line' id='line_1_28' title="bbox 157 2141 1588 2222; baseline -0.001 -20"><span class='ocrx_word' id='word_1_203' title='bbox 157 2171 192 2195; x_wconf 65' lang='grc' dir='ltr'><strong>ω</strong></span> <span class='ocrx_word' id='word_1_204' title='bbox 221 2144 485 2202; x_wconf 83' lang='lat' dir='ltr'>obtinuit.</span> <span class='ocrx_word' id='word_1_205' title='bbox 514 2144 607 2201; x_wconf 67' lang='lat' dir='ltr'>An</span> <span class='ocrx_word' id='word_1_206' title='bbox 635 2167 720 2203; x_wconf 87' lang='lat' dir='ltr'>me</span> <span class='ocrx_word' id='word_1_207' title='bbox 746 2144 979 2202; x_wconf 67' lang='lat' dir='ltr'>luxuriae</span> <span class='ocrx_word' id='word_1_208' title='bbox 1006 2141 1390 2222; x_wconf 75' lang='lat' dir='ltr'>indulgentem</span> <span class='ocrx_word' id='word_1_209' title='bbox 1424 2161 1588 2220; x_wconf 83' lang='lat' dir='ltr'>puta-</span> 
     </span>
     <span class='ocr_line' id='line_1_29' title="bbox 160 2221 1587 2304; baseline -0.002 -20"><span class='ocrx_word' id='word_1_210' title='bbox 160 2253 193 2277; x_wconf 59' lang='grc' dir='ltr'>πο</span> <span class='ocrx_word' id='word_1_211' title='bbox 222 2226 290 2284; x_wconf 88' lang='lat' dir='ltr'>tis</span> <span class='ocrx_word' id='word_1_212' title='bbox 316 2247 462 2283; x_wconf 86' lang='lat' dir='ltr'>arma</span> <span class='ocrx_word' id='word_1_213' title='bbox 495 2224 667 2283; x_wconf 89' lang='lat' dir='ltr'>vestra</span> <span class='ocrx_word' id='word_1_214' title='bbox 694 2249 830 2285; x_wconf 82' lang='lat' dir='ltr'>auro</span> <span class='ocrx_word' id='word_1_215' title='bbox 865 2245 1211 2304; x_wconf 79' lang='lat' dir='ltr'>argentoque</span> <span class='ocrx_word' id='word_1_216' title='bbox 1244 2221 1587 2282; x_wconf 72' lang='lat' dir='ltr'>adornasse?</span> 
     </span>
     <span class='ocr_line' id='line_1_30' title="bbox 159 2305 1588 2372; baseline 0.003 -13"><span class='ocrx_word' id='word_1_217' title='bbox 159 2334 197 2359; x_wconf 63' lang='grc' dir='ltr'>α)</span> <span class='ocrx_word' id='word_1_218' title='bbox 227 2307 480 2364; x_wconf 87' lang='lat' dir='ltr'>Assuetis</span> <span class='ocrx_word' id='word_1_219' title='bbox 508 2306 639 2364; x_wconf 83' lang='lat' dir='ltr'>nihil</span> <span class='ocrx_word' id='word_1_220' title='bbox 660 2307 824 2367; x_wconf 84' lang='lat' dir='ltr'>vilius</span> <span class='ocrx_word' id='word_1_221' title='bbox 850 2306 951 2364; x_wconf 87' lang='lat' dir='ltr'>hac</span> <span class='ocrx_word' id='word_1_222' title='bbox 981 2305 1168 2365; x_wconf 84' lang='lat' dir='ltr'>videre</span> <span class='ocrx_word' id='word_1_223' title='bbox 1194 2306 1588 2372; x_wconf 73' lang='lat' dir='ltr'>materia,:v‘o-</span> 
     </span>
     <span class='ocr_line' id='line_1_31' title="bbox 161 2385 1586 2455; baseline 0.003 -15"><span class='ocrx_word' id='word_1_224' title='bbox 161 2416 195 2440; x_wconf 61' lang='grc' dir='ltr'><em>ω</em></span> <span class='ocrx_word' id='word_1_225' title='bbox 218 2387 296 2446; x_wconf 84' lang='lat' dir='ltr'>lui</span> <span class='ocrx_word' id='word_1_226' title='bbox 328 2385 616 2446; x_wconf 87' lang='lat' dir='ltr'>ostendere</span> <span class='ocrx_word' id='word_1_227' title='bbox 642 2431 655 2454; x_wconf 86' lang='lat'>,</span> <span class='ocrx_word' id='word_1_228' title='bbox 693 2388 1037 2447; x_wconf 87' lang='lat' dir='ltr'>Macedonas</span> <span class='ocrx_word' id='word_1_229' title='bbox 1081 2387 1314 2446; x_wconf 60' lang='lat' dir='ltr'>inviotos</span> <span class='ocrx_word' id='word_1_230' title='bbox 1355 2388 1586 2455; x_wconf 80' lang='lat' dir='ltr'>ceteriS,</span> 
     </span>
     <span class='ocr_line' id='line_1_32' title="bbox 158 2467 1588 2547; baseline -0.001 -19"><span class='ocrx_word' id='word_1_231' title='bbox 158 2496 194 2522; x_wconf 64' lang='grc' dir='ltr'><strong><em>ω</em></strong></span> <span class='ocrx_word' id='word_1_232' title='bbox 224 2491 326 2528; x_wconf 87' lang='lat' dir='ltr'>nec</span> <span class='ocrx_word' id='word_1_233' title='bbox 351 2490 486 2528; x_wconf 87' lang='lat' dir='ltr'>auro</span> <span class='ocrx_word' id='word_1_234' title='bbox 508 2469 734 2547; x_wconf 84' lang='lat' dir='ltr'>quidem</span> <span class='ocrx_word' id='word_1_235' title='bbox 759 2470 924 2530; x_wconf 77' lang='lat' dir='ltr'>vinci.</span> <span class='ocrx_word' id='word_1_236' title='bbox 949 2467 1171 2527; x_wconf 79' lang='lat' dir='ltr'>Oculos</span> <span class='ocrx_word' id='word_1_237' title='bbox 1194 2490 1330 2546; x_wconf 82' lang='lat' dir='ltr'>ergo</span> <span class='ocrx_word' id='word_1_238' title='bbox 1350 2468 1588 2545; x_wconf 86' lang='lat' dir='ltr'>primum</span> 
     </span>
     <span class='ocr_line' id='line_1_33' title="bbox 162 2548 1587 2627; baseline 0 -23"><span class='ocrx_word' id='word_1_239' title='bbox 162 2580 197 2604; x_wconf 68' lang='grc' dir='ltr'>ιο</span> <span class='ocrx_word' id='word_1_240' title='bbox 226 2573 419 2609; x_wconf 86' lang='lat' dir='ltr'>eorum</span> <span class='ocrx_word' id='word_1_241' title='bbox 444 2548 662 2609; x_wconf 86' lang='lat' dir='ltr'>sordida</span> <span class='ocrx_word' id='word_1_242' title='bbox 690 2552 869 2610; x_wconf 88' lang='lat' dir='ltr'>omnia</span> <span class='ocrx_word' id='word_1_243' title='bbox 895 2555 951 2609; x_wconf 66' lang='grc' dir='ltr'>ὃ(</span> <span class='ocrx_word' id='word_1_244' title='bbox 984 2549 1205 2608; x_wconf 88' lang='lat' dir='ltr'>humilia</span> <span class='ocrx_word' id='word_1_245' title='bbox 1228 2548 1587 2627; x_wconf 68' lang='lat' dir='ltr'>spe&amp;antium</span> 
     </span>
     <span class='ocr_line' id='line_1_34' title="bbox 162 2628 1589 2712; baseline -0.001 -27"><span class='ocrx_word' id='word_1_246' title='bbox 162 2661 197 2685; x_wconf 78' lang='lat' dir='ltr'>:n</span> <span class='ocrx_word' id='word_1_247' title='bbox 223 2633 433 2712; x_wconf 83' lang='lat' dir='ltr'>capiam</span> <span class='ocrx_word' id='word_1_248' title='bbox 458 2652 475 2701; x_wconf 81' lang='lat'>3</span> <span class='ocrx_word' id='word_1_249' title='bbox 514 2635 569 2689; x_wconf 85' lang='lat'>&amp;</span> <span class='ocrx_word' id='word_1_250' title='bbox 604 2631 828 2692; x_wconf 87' lang='lat' dir='ltr'>docebo</span> <span class='ocrx_word' id='word_1_251' title='bbox 852 2653 953 2690; x_wconf 89' lang='lat' dir='ltr'>nos</span> <span class='ocrx_word' id='word_1_252' title='bbox 979 2653 1093 2689; x_wconf 85' lang='lat' dir='ltr'>non</span> <span class='ocrx_word' id='word_1_253' title='bbox 1119 2636 1236 2690; x_wconf 82' lang='lat' dir='ltr'>auri</span> <span class='ocrx_word' id='word_1_254' title='bbox 1262 2649 1354 2688; x_wconf 91' lang='lat' dir='ltr'>aut</span> <span class='ocrx_word' id='word_1_255' title='bbox 1377 2628 1589 2707; x_wconf 78' lang='lat' dir='ltr'>argenti</span> 
     </span>
     <span class='ocr_line' id='line_1_35' title="bbox 162 2710 1587 2794; baseline -0.005 -18"><span class='ocrx_word' id='word_1_256' title='bbox 162 2742 197 2768; x_wconf 66' lang='grc' dir='ltr'>ω</span> <span class='ocrx_word' id='word_1_257' title='bbox 222 2712 458 2794; x_wconf 86' lang='lat' dir='ltr'>cupidos</span> <span class='ocrx_word' id='word_1_258' title='bbox 478 2756 494 2786; x_wconf 83' lang='lat'><em>,</em></span> <span class='ocrx_word' id='word_1_259' title='bbox 526 2711 620 2775; x_wconf 86' lang='lat' dir='ltr'>sed</span> <span class='ocrx_word' id='word_1_260' title='bbox 645 2714 841 2776; x_wconf 83' lang='lat' dir='ltr'>orbem</span> <span class='ocrx_word' id='word_1_261' title='bbox 863 2733 1133 2774; x_wconf 72' lang='lat' dir='ltr'>terr-arum</span> <span class='ocrx_word' id='word_1_262' title='bbox 1157 2710 1479 2772; x_wconf 51' lang='lat' dir='ltr'>subacffuros</span> <span class='ocrx_word' id='word_1_263' title='bbox 1500 2730 1587 2770; x_wconf 82' lang='lat' dir='ltr'>ve-</span> 
     </span>
    </p>
   </div>
   <div class='ocr_carea' id='block_1_4' title="bbox 1687 656 1690 1677">
    <p class='ocr_par' dir='ltr' id='par_1_5' title="bbox 1687 656 1690 1677">
     <span class='ocr_line' id='line_1_36' title="bbox 1687 656 1690 1677; baseline 0 0"><span class='ocrx_word' id='word_1_264' title='bbox 1687 656 1690 1677; x_wconf 95' lang='lat' dir='ltr'> </span> 
     </span>
    </p>
   </div>
  </div>
 </body>
</html>
