1690 3067
225 126 321 175 252
583 108 1382 174 QUINTE-CURCE,

225 198 368 254 ciam
395 191 757 272 mitigandam
780 214 877 251 rex
905 211 941 250 L
970 194 1183 272 equites
1207 192 1467 272 praemisit
1488 214 1506 265 3
1548 196 1648 275 qui

228 277 556 332 clementiam
583 278 737 355 ipsius
763 278 817 328 in
849 272 1043 329 deditos
1071 317 1088 342 3
1128 276 1380 352 simulque
1411 279 1647 330 ines-cora-

228 357 642 413 bilemanimum
673 358 726 408 in
760 353 979 410 devifflos
1007 353 1377 414 ostenderent.
1401 354 1494 414 Illi
1512 400 1528 425 3
1555 376 1645 411 neo·

228 438 291 493 de
310 434 422 514 fide
443 480 459 500 ,
496 457 588 492 nec
624 434 687 490 de
707 436 931 514 potentia
968 439 1089 514 regis
1127 438 1251 516 ipsos
1279 434 1511 492 dubitare
1535 434 1648 495 res*

226 517 483 600 pondent
508 540 526 590 3
563 522 896 596 equitesque
927 515 1125 572 tendere
1150 533 1290 572 extra
1327 520 1650 573 munimenta

231 601 374 657 urbis
415 600 633 678 jubent.
676 598 1048 676 Hospitaliter
1093 597 1294 657 deinde
1338 618 1604 679 exceptos
1630 640 1647 667 ,

232 702 541 761 gravesque
578 678 755 758 epulis
794 683 852 738 &
895 677 1089 737 somno
1127 679 1450 760 intempesta
1487 681 1650 739 nodie

231 764 416 822 adorti
450 760 869 820 interfecerunt.
910 760 1236 820 Alexander
1275 761 1423 820 haud
1456 759 1609 820 secus
1630 803 1649 830 3

231 866 399 923 quam
424 865 525 923 par
544 861 661 902 erat
678 885 694 910 3
722 861 940 910 motus3
963 841 1157 900 urbem
1179 864 1386 901 corona
1413 844 1652 901 circum-

232 926 388 985 dedit
410 945 430 995 3
469 924 824 983 munitiorem
850 965 867 992 3
917 944 1085 1002 quam
1121 943 1184 982 ut
1218 924 1398 1002 primo
1438 926 1652 1002 impetu

234 1011 359 1087 capi
381 1026 590 1085 posset.
617 1003 820 1085 Itaque
860 1004 1207 1083 Meleagrum
1246 1008 1304 1063 &
1345 1004 1652 1064 Perdiccan

237 1095 290 1150 in
336 1087 686 1147 obsidionem
727 1087 950 1165 jungit,
1004 1085 1380 1166 Cyropolim,
1417 1106 1479 1145 ut
1525 1107 1654 1146 ante

238 1172 444 1229 dietum
483 1168 598 1237 est,
640 1167 979 1226 obsidentes.
1214 1182 1220 1188 ’
1266 1174 1270 1177 “

318 1253 603 1310 Statuerat
625 1269 806 1308 autem
828 1270 1052 1328 parcere
1076 1249 1199 1308 urbi
1223 1247 1466 1308 conditae
1489 1271 1517 1307 a
1539 1248 1656 1323 Cy·

237 1355 334 1391 ro:
363 1333 571 1412 quippe
603 1352 714 1389 non
754 1330 920 1388 alium
952 1333 1200 1408 gentium
1239 1330 1456 1388 illarum
1483 1323 1655 1410 magis

239 1414 541 1474 admiratus
583 1411 658 1471 est
681 1455 697 1480 3
739 1433 904 1491 quam
940 1413 1088 1469 hunc
1121 1433 1308 1490 regem
1330 1454 1345 1480 3
1391 1416 1447 1470 ὅ(
1477 1413 1655 1471 Semi-

240 1500 411 1554 ramin
437 1537 452 1563 3
486 1496 538 1552 in
574 1493 776 1574 quibus
806 1496 864 1551 &
898 1493 1334 1572 magnitudinem
1364 1494 1530 1551 animi
1553 1537 1568 1562 3
1597 1496 1656 1553 &
1688 1498 1690 1547 ἕ

241 1579 548 1636 claritatem
591 1596 776 1634 rerum
817 1576 986 1654 longe
1040 1575 1325 1634 emicuisse
1370 1573 1658 1634 credebat.

243 1658 515 1717 Ceterum
560 1657 860 1736 pertinacia
912 1655 1325 1735 oppidanorum
1374 1659 1489 1735 ejus
1524 1658 1659 1715 iram

240 1738 515 1798 accendit.
538 1737 738 1818 Itaque
771 1756 990 1816 captam
1024 1738 1218 1796 urbem
1241 1736 1477 1817 diripere
1502 1741 1660 1816 jussit

241 1821 491 1880 delec³tos
524 1818 869 1878 Macedones
888 1861 903 1886 3
930 1818 1075 1877 haud
1096 1820 1288 1897 injuria
1314 1817 1572 1888 in>festos3
1600 1821 1658 1877 δε

187 1961 197 1967 1
242 1902 314 1961 ad
365 1901 711 1980 Meleagrum
755 1905 813 1959 &
850 1900 1153 1959 Perdiccan
1191 1899 1355 1959 redit.
1396 1901 1509 1960 Sed
1543 1922 1662 1959 non

243 1984 343 2043 alia
369 1983 503 2042 urbs
533 1981 731 2040 fortius
762 1981 1110 2041 obsidionem
1152 1981 1320 2040 tulit:
1358 1986 1565 2060 quippe
1602 1984 1660 2039 &

205 2131 207 2133 ¹
246 2065 482 2124 militum
531 2064 888 2142 promtissimi
941 2063 1197 2122 cecidere
1228 2083 1244 2132 3
1293 2066 1351 2121 &
1394 2065 1509 2141 ipse
1564 2081 1661 2121 rex

249 2145 320 2205 ad
346 2146 604 2205 ultimum
629 2145 942 2224 periculum
972 2149 1140 2205 ven-it⁶
1176 2145 1436 2224 Namque
1474 2143 1660 2202 cervix

250 2232 368 2305 ejus
402 2225 531 2284 saxo
555 2228 627 2284 ita
651 2228 753 2284 icla
784 2223 859 2283 est
880 2269 895 2293 3
930 2245 992 2283 ut
1028 2225 1206 2284 oculis
1229 2225 1462 2305 caligine
1488 2223 1661 2284 offusa

251 2308 624 2367 collaberetur
641 2350 658 2375 3
680 2328 746 2364 ne
767 2308 965 2364 mentis
984 2306 1207 2385 quidem
1230 2327 1481 2383 compos„
1501 2306 1662 2365 Exer-

252 2391 393 2448 citus
417 2408 568 2448 certe
593 2389 746 2448 velut
781 2407 974 2466 erepto
1006 2409 1073 2445 eo
1108 2389 1398 2466 ingemuit.
1433 2386 1547 2446 Sed
1581 2389 1660 2446 in-

251 2472 426 2530 vic’tus
452 2468 713 2528 adversus
739 2491 799 2527 ea
825 2511 841 2536 3
868 2489 991 2548 quae
1018 2488 1235 2527 ceteros
1255 2488 1465 2527 terrent
1483 2477 1505 2537 '3
1531 2489 1662 2526 non-

253 2551 387 2610 dum
413 2571 714 2630 percurato
732 2551 961 2608 vulnere
983 2590 999 2618 3
1025 2552 1201 2608 acrius
1224 2549 1498 2608 obsidioni
1524 2547 1661 2610 'msti-

251 2634 352 2700 tit,
376 2631 680 2689 naturalem
708 2632 1050 2691 celeritatem
1070 2633 1147 2691 ira
1171 2632 1506 2690 concitante.
1549 2630 1690 2703 Cu-1¹

250 2714 438 2773 niculo
473 2733 607 2794 ergo
646 2711 892 2774 subfossa
923 2714 1126 2787 moenia
1162 2715 1357 2794 ingens
1387 2710 1690 2782 n-udaveress
