1690 3067
174 79 440 140 ΖΝΗ-ιε
473 77 577 136 JX'.
611 81 1066 137 CHAPJTRE
1103 87 1199 139 JV.
1328 100 1433 153 439

37 171 210 232 iebant.
242 172 420 231 Pelles
463 169 701 230 ferarum
739 192 844 263 pro
881 172 1077 245 veste3
1115 172 1286 233 clavae
1322 193 1428 251 pro

13 254 122 315 telo
148 272 338 313 erant:
375 252 660 332 multaque
694 255 856 311 etiam
882 275 1012 312 cum
1037 256 1223 313 Graeci
1246 269 1429 311 mores

37 335 415 402 xolevissent,
454 333 630 414 stirpis
654 331 1020 392 ostendebant
1043 333 1219 413 vestig
1221 336 1289 393 ia.
1310 335 1425 392 Hic

35 418 338 477 xcensione
362 414 499 475 fa&a
527 435 604 474 CC
632 419 690 473 ὃς
719 433 756 472 L
783 413 949 474 stadia
975 419 1287 496 processit,
1320 415 1427 474 dea-

39 496 416 577 ·opulatusque
441 499 766 576 regionem,
803 491 1074 575 oppidum
1109 516 1277 575 caput
1309 518 1354 573 ej
1365 513 1428 555 us

12 611 13 615 1
44 600 212 638 orona
235 580 403 657 cepit.
430 598 511 636 XL
538 577 787 657 peditum
808 577 974 636 millia
998 577 1100 637 alia
1124 597 1260 657 gens
1280 578 1334 633 in
1357 581 1432 635 ri-

47 683 85 720 a
101 658 396 719 fluminum
421 678 799 739 opposuerat,
838 681 1002 739 quam
1030 680 1188 718 amne
1214 656 1427 737 supera

41 764 66 800 3
89 743 144 800 in
180 739 369 821 fugam
404 739 714 820 compulit,
758 741 1111 820 inclusosque
1148 739 1427 798 moenibus

14 843 307 902 ⁴xpugnat.
352 822 600 881 Puberes
632 820 905 881 interfeffi
938 820 1090 890 sunt,
1131 821 1303 880 ceteri
1331 841 1430 879 ve-

16 932 21 948 ι
46 907 243 964 ierunt.
288 903 547 963 Alteram
605 903 805 962 deinde
853 902 1049 962 urbem
1106 922 1428 982 expugnare

42 985 274 1053 dortus,
310 1007 622 1065 magnaque
661 985 718 1045 vi
749 982 1166 1044 defendentium
1193 983 1382 1063 pulsus
1407 1024 1428 1052 ,

43 1066 210 1126 mltos
234 1065 614 1125 Macedonum
644 1068 794 1124 amisi
799 1085 841 1123 t.
874 1065 988 1124 Sed
1018 1088 1145 1125 cum
1176 1066 1230 1121 in
1267 1064 1427 1122 obsi-

45 1151 169 1207 ione
194 1168 638 1227 perseverasset,
679 1145 945 1225 oppidani
970 1145 1257 1225 desperata
1285 1144 1426 1203 salu-

43 1235 265 1308 ignem
300 1226 584 1307 subjecere
618 1229 814 1295 teCliS,
843 1225 897 1287 se
937 1248 1165 1307 quoque
1192 1248 1256 1285 ac
1290 1226 1428 1286 libe·

42 1331 90 1368 as
116 1312 496 1390 conjugesque
517 1309 777 1368 incendio
802 1330 1069 1369 cremant.
1094 1306 1271 1381 Quod
1296 1330 1427 1367 cum

42 1393 105 1450 >si
128 1410 436 1471 augerent,
467 1390 648 1449 hostes
673 1391 1100 1471 extinguerent,
1142 1411 1289 1450 nova
1313 1388 1429 1447 for-

18 1494 87 1532 ia
115 1493 316 1552 pugnae
348 1492 483 1532 erat.
505 1471 794 1530 Delebant
820 1472 1017 1531 incolae
1044 1470 1276 1542 urbem,
1298 1469 1426 1530 hos-

41 1575 80 1613 s
110 1553 526 1613 defendebant.
562 1552 704 1613 adeo
737 1554 901 1612 etiam
926 1573 1137 1612 naturae
1158 1555 1276 1631 jura
1301 1553 1428 1611 bel-

42 1657 112 1693 im
142 1636 197 1693 in
228 1637 569 1695 contrarium
602 1654 800 1694 mutat.
820 1635 948 1695 Arx
980 1655 1096 1693 erat
1123 1632 1353 1714 oppidi
1339 1655 1426 1694 m-

15 1716 170 1786 teia,
195 1718 249 1774 in
275 1739 382 1797 qua
409 1716 723 1795 praesidium
751 1715 1086 1797 dereliquit:
1123 1721 1241 1795 ipse
1263 1716 1424 1775 navi·

16 1798 88 1857 io
117 1800 521 1858 circumvectus
551 1797 626 1856 est
660 1819 864 1858 arcem.
905 1799 1135 1889 Quippe
1170 1820 1187 1855 ,ι
1208 1819 1231 1855 1
1252 1819 1272 1856 1
1307 1797 1427 1856 flu-

0 1906 2 1930 ι
42 1878 138 1937 tina
163 1899 285 1940 tota
308 1879 472 1939 India
493 1900 696 1957 praeter
719 1882 957 1961 Gangen
986 1881 1221 1939 maxima
1243 1884 1425 1940 muni-

0 2002 2 2038 ;
41 1980 185 2019 tento
212 1962 349 2020 arcis
376 1959 657 2054 applicant
679 1960 875 2020 undaS.

77 2041 137 2099 A
160 2040 536 2121 septentrione
559 2041 736 2101 Indus
757 2042 948 2110 alluit3
971 2065 998 2101 a
1023 2040 1252 2103 meridie
1271 2043 1426 2100 Ace-

0 2170 5 2203 ,ἱ
45 2141 135 2180 nes
159 2123 420 2220 Hydaspi
454 2121 837 2181 confunditur.
874 2123 1145 2182 Ceterum
1181 2124 1423 2181 amnium

0 2208 5 2227 ³
43 2205 180 2262 situs
213 2207 496 2264 maritimis
520 2204 721 2263 similes
751 2204 946 2264 fluctus
975 2225 1241 2272 movent,
1265 2200 1424 2262 mul-

0 2303 6 2353 ζ.
43 2306 167 2364 >que
191 2307 253 2343 ac
272 2283 502 2344 turbido
526 2285 694 2354 limo,
718 2285 875 2366 quod
900 2307 1165 2365 aquarum
1187 2307 1424 2345 concur-

0 2360 5 2370 ’
43 2365 304 2425 [subinde
330 2367 586 2424 turbatur
607 2409 622 2433 ,
668 2372 774 2426 iter
810 2389 914 2447 qua
943 2387 1128 2426 meant
1162 2369 1377 2448 navigia
1401 2410 1421 2435 ,

0 2445 50 2526 ἷλι
61 2465 303 2505 tenuem
337 2446 555 2508 alveum
587 2451 829 2528 cogitur.
862 2447 1065 2529 Itaque
1087 2469 1214 2507 cum
1236 2449 1424 2507 crebri

17 2534 20 2580 ἓ
44 2530 194 2586 uetus
223 2526 275 2586 se
307 2527 668 2598 inveherent,
697 2532 754 2587 ὃς
783 2530 1004 2589 navium
1030 2530 1160 2588 hinc
1184 2551 1377 2609 proras
1400 2571 1420 2598 ,

1 2655 3 2658 .
45 2613 122 2667 inc
149 2610 316 2667 latera
348 2609 666 2688 pulsarent3
699 2607 1008 2670 subducere
1029 2631 1212 2671 nautae
1234 2632 1420 2689 coepe-

45 2708 143 2750 int.
184 2688 297 2751 Sed
329 2688 621 2751 ministeria
660 2711 855 2751 eorum
891 2692 1018 2752 hinc
1048 2712 1251 2760 metu,
1288 2693 1417 2749 hinc

1156 2790 1269 2840 Tiv
