1690 3067
205 91 304 140 472
495 76 1403 145 QUINTEv-CURCE,

295 162 348 222 C
373 176 414 219 A
435 179 491 224 P.
534 163 587 225 V
608 162 638 222 I
659 163 688 222 I
711 163 760 224 I.
800 163 1076 225 Indorum
1108 166 1279 246 legati
1304 165 1508 225 dimissi
1533 160 1638 223 clo-

205 263 328 304 mos
350 288 367 314 ‚
400 247 593 325 paucis
627 242 750 327 post
782 246 976 306 diebus
1011 269 1138 307 cum
1162 248 1323 308 donis
1347 269 1634 309 revertuna

203 344 317 385 tur.
351 327 621 388 Trecenti
659 348 815 388 erant
846 333 1016 409 equi,
1057 332 1206 390 mille
1237 328 1466 410 triginta
1502 351 1636 387 cur-

206 429 338 477 rus,
379 430 522 490 quos
568 410 882 492 quadrijugi
932 412 1061 490 equi
1100 411 1385 472 ducebant
1417 453 1435 480 ,
1478 412 1641 470 lineae'

206 489 369 549 vestis
396 492 739 573 aliquantum
759 537 775 563 ‚
811 493 960 553 mille
985 492 1139 553 scuta
1161 492 1358 554 Indica
1381 536 1397 562 ,
1425 496 1483 552 δε
1507 490 1638 552 ferri

206 571 432 632 candidi
461 575 668 634 talenta
698 596 964 646 centum3
1001 575 1305 656 leonesque
1348 597 1484 634 rarae
1525 596 1641 633 ma-

206 655 515 732 gnitudinis
540 660 597 715 &
617 657 788 737 tigres
804 701 820 727 ,
843 678 1140 737 utrumque
1159 658 1357 717 animal
1390 656 1460 716 ad
1479 679 1641 716 man-

205 735 561 806 suetudinem
592 737 868 797 domitum
895 761 908 798 :
942 740 1274 799 lacertarum
1301 760 1526 818 quoque
1559 740 1641 797 in·-

204 820 458 898 gentium
488 818 661 901 pelles
686 863 704 891 ,
735 824 793 880 ὅ(
820 821 983 881 dorsa
1011 819 1369 880 testudinum.
1397 820 1638 879 Cratero

206 900 411 961 deinde
450 902 685 982 imperat
716 924 816 962 rex
838 947 855 974 ,
894 903 1044 962 haud
1073 902 1272 982 procul
1308 923 1466 961 amne
1488 946 1504 971 ,
1542 922 1643 981 per

207 1003 376 1062 quem
408 1004 525 1044 erat
557 986 676 1066 ipse
703 987 1062 1066 navigaturus
1083 1027 1101 1054 ‚
1140 989 1332 1063 copias
1364 983 1641 1043 duceret:

206 1085 302 1124 eos
325 1084 512 1125 autem
532 1109 548 1135 ,
587 1068 683 1147 qui
707 1068 965 1127 comitari
989 1089 1116 1126 eum
1141 1065 1393 1126 solebant
1416 1109 1432 1135 ,
1465 1069 1641 1144 impo-

209 1151 295 1207 nit
334 1148 389 1205 in
429 1170 632 1216 naveS,
680 1152 738 1209 &
778 1154 835 1209 in
878 1149 1015 1207 fines
1051 1148 1357 1208 Mallorum
1397 1145 1642 1207 secundo

208 1228 710 1291 amneodevehitur.
736 1230 880 1290 Inde
904 1231 1174 1290 Sabi-acas
1196 1229 1332 1290 adiit
1354 1274 1370 1300 ,
1402 1228 1644 1291 validam

207 1309 389 1371 Indiae
411 1333 669 1391 gentem,
697 1334 822 1392 quae
848 1312 1045 1392 populi
1065 1354 1077 1378 ,
1106 1333 1219 1370 non
1241 1334 1434 1390 regum
1459 1315 1643 1390 impe-

206 1395 290 1453 rio
314 1394 635 1476 regebatur.
672 1395 973 1475 Sexaginta
999 1394 1165 1453 millia
1194 1394 1442 1473 peditum
1470 1394 1644 1452 habe-

208 1477 381 1541 bant,
416 1481 670 1557 equitum
703 1474 797 1536 sex
841 1476 1047 1537 millia:
1088 1477 1182 1535 has
1224 1478 1414 1555 copias
1451 1494 1645 1535 currus

207 1563 505 1638 quingenti
543 1559 937 1639 sequebantur.
979 1558 1124 1617 Tres
1161 1557 1332 1616 duces
1372 1555 1646 1637 specstatos

207 1643 416 1700 virtute
443 1640 643 1700 bellica
672 1641 976 1721 elegerant.
1010 1643 1092 1699 At
1119 1645 1216 1720 qui
1239 1642 1291 1698 in
1320 1644 1465 1719 agris
1488 1656 1643 1699 erant

207 1725 450 1803 proximi
475 1721 692 1782 flumini
721 1728 739 1794 (
766 1723 1086 1804 frequentes
1109 1742 1294 1781 autem
1318 1725 1471 1782 vicos
1489 1766 1504 1791 ,
1530 1744 1642 1780 ma-

174 1857 182 1864 ,
207 1805 356 1864 xime
381 1809 436 1865 in
464 1810 581 1885 ripa
606 1805 889 1864 habebant
917 1809 942 1881 )
981 1826 1043 1864 ut
1072 1803 1263 1865 videre
1304 1824 1490 1863 totum
1529 1826 1643 1863 am-

208 1908 337 1945 nem
359 1930 376 1956 ,
417 1909 524 1968 qua
550 1889 797 1968 prospici
829 1908 1055 1967 poterat
1079 1930 1094 1955 ,
1128 1888 1362 1966 navigiis
1398 1885 1645 1946 constra-

209 1987 331 2027 tum
353 2011 369 2038 ‚
397 1973 456 2029 &
481 1989 570 2028 tot
593 1969 826 2029 millium
854 1992 1002 2028 arma
1028 1967 1332 2048 fulgentia3
1355 1971 1531 2028 territi
1553 1989 1646 2027 no-

211 2074 278 2111 va
305 2049 444 2111 facie
467 2095 483 2120 ,
517 2051 774 2111 Deorum
808 2053 1115 2110 exercitum
1138 2093 1152 2118 ‚
1191 2054 1249 2109 ὃς
1281 2049 1445 2110 alium
1473 2051 1645 2110 Libe-

212 2155 337 2191 rum
362 2154 575 2213 patrem
598 2177 612 2202 ,
644 2133 865 2193 celebre
892 2135 946 2192 in
973 2133 1078 2192 illis
1104 2132 1368 2214 gentibus
1400 2154 1603 2193 nomen
1626 2174 1645 2202 ‚

208 2213 513 2275 adventare
539 2216 865 2276 credebant.
1460 2226 1473 2236 “

291 2296 445 2355 Hinc
476 2298 713 2356 militum
752 2298 964 2358 clamor
984 2339 1001 2366 ,
1034 2297 1162 2355 hinc
1200 2316 1481 2354 remorum
1513 2295 1655 2373 pul-;

205 2375 294 2436 sus
326 2421 343 2446 ,
388 2380 668 2458 variaeque
710 2400 1002 2438 nautarum
1038 2399 1208 2438 voces
1243 2377 1590 2436 hortantium
1625 2418 1641 2443 ,

205 2459 436 2539 pavidas
469 2481 626 2518 aures
666 2461 1053 2540 impleverant.
1101 2460 1258 2539 Ergo
1299 2459 1536 2518 universi
1575 2455 1642 2516 ad

211 2563 308 2600 eos
333 2585 347 2610 ‚
382 2547 479 2622 qui
513 2543 567 2600 in
595 2544 755 2601 armis
803 2563 959 2602 erant
981 2588 997 2615 ‚
1033 2561 1302 2610 currunt,
1325 2544 1503 2618 furere
1541 2538 1646 2597 cla-

206 2625 464 2683 mitantes
487 2666 500 2692 ,
530 2645 647 2679 cam
680 2627 805 2679 Diis
839 2626 1069 2705 praelium
1111 2626 1340 2678 inituros.
1385 2622 1638 2699 AVavz'gia

206 2726 306 2761 22072
324 2724 466 2787 posse
491 2707 761 2764 numerari
773 2751 790 2772 ,
816 2727 917 2787 quae
944 2707 1158 2765 invifzos
1182 2703 1441 2764 veherent.
1483 2702 1641 2769 Tanf
