1690 3067
243 103 502 152 LJVRE
537 101 644 147 IX.
686 99 1144 148 CHAPITRE
1175 101 1217 149 J.
1347 112 1443 166 415

37 187 349 265 sidibusque
394 185 639 263 acceptis
665 181 1006 262 ‘stipendium
1042 185 1300 263 imponit.
1344 182 1448 245 Ad

27 290 280 348 *magnam
307 265 509 326 deinde
526 308 543 334 ‚
571 284 632 324 ut
655 266 708 322 in
732 286 792 323 ea
819 265 1046 342 regione
1067 307 1083 332 ‚
1105 265 1299 325 urbem
1323 281 1447 344 per'-

27 352 175 412 venit
196 392 212 418 ‚
243 369 352 411 non
378 369 539 407 muro
565 345 739 405 solum
756 390 771 415 ,
794 344 889 404 sed
911 346 1074 403 etiarn
1095 347 1298 424 palude
1322 370 1444 405 mu*

28 436 208 491 uitam.
228 429 497 488 Ceterum
517 429 736 488 barbari
756 427 1024 488 vehiculis
1040 428 1186 486 inter
1208 427 1260 487 se
1282 432 1442 505 junc-

35 513 88 572 tis
113 512 424 570 dimicaturi
457 528 857 573 occurrerunt:
883 509 1000 568 aliis
1021 506 1132 567 tela
1149 551 1164 577 ‚
1190 509 1305 568 aliis
1326 509 1453 569 has--

36 615 90 652 :ae
112 638 127 663 ,
154 592 271 653 aliis
296 591 508 651 secures
534 611 718 652 erant:
745 590 1236 670 transiliebantque
1260 595 1315 650 in
1339 613 1437 651 ve-

34 674 194 734 vii'cula
222 673 441 734 strenuo
466 672 603 732 saltu
625 718 639 742 ‚
676 695 804 732 cum
832 671 1151 732 succurrere
1177 670 1438 731 laboran-

43 756 160 814 ibus
191 754 297 814 suis
337 754 563 817 vellent.
604 756 696 814 Ac
731 757 912 835 primo
945 751 1229 813 insolitum
1260 776 1436 835 genus

38 858 215 917 >ugnae
255 836 598 898 Macedonas
633 835 833 897 terruit
854 880 870 906 ‚
911 858 1041 895 cum
1071 837 1284 894 eminus
1307 836 1436 895 vul-

39 934 375 979 ierarentur:
414 917 614 978 deinde
649 919 835 998 spreto
873 938 988 976 tam
1020 917 1314 977 incondito
1341 940 1436 976 au*

38 1001 144 1060 :ilio
171 1043 187 1068 ,
225 1000 294 1059 ab
323 1021 563 1080 utroque
595 1001 766 1059 late-re
804 1000 1072 1059 vehiculis
1109 996 1434 1058 circumfusi
1494 1025 1503 1033 ·

43 1102 380 1161 epugnantes
437 1081 628 1140 fodere
682 1100 995 1158 coeperunt.
1051 1081 1125 1137 Et
1167 1078 1386 1141 vincula
1410 1122 1430 1150 ,

39 1164 207 1242 {uibus
234 1183 487 1221 conserta
513 1182 668 1222 erant
690 1205 707 1229 ‚
742 1165 898 1241 jussit
924 1160 1123 1228 incidi,
1159 1183 1274 1241 quo
1300 1161 1433 1220 faci-

37 1264 110 1302 lus
132 1243 919 1323 singulacircumvenirentur.
941 1242 1140 1321 Itaque
1164 1261 1288 1300 Vin
1313 1244 1453 1310 mil-J

36 1325 149 1384 ibus
173 1323 394 1384 suorum
418 1327 620 1384 amissis
643 1326 696 1382 in
722 1322 993 1402 oppidum
1017 1322 1365 1403 refugerunt.

85 1404 312 1466 Postero
341 1406 430 1468 die
454 1404 608 1466 scalis
630 1406 876 1485 undique
903 1405 1140 1464 admotis
1164 1408 1307 1465 muri
1328 1428 1429 1468 oc·
1480 1404 1483 1407 v

35 1508 279 1567 fupantur
300 1509 312 1546 2
341 1490 531 1568 paucis
554 1489 848 1567 pernicitas
873 1485 1033 1546 saluti
1050 1484 1172 1545 fuit.
1197 1488 1312 1560 Qui
1334 1511 1432 1549 co·

35 1572 163 1645 mito
194 1569 343 1628 urbis
381 1569 603 1629 excidio
634 1567 894 1649 paludem
933 1589 1287 1628 transnavere
1311 1612 1329 1639 ‚
1364 1574 1427 1632 ὅς

34 1673 60 1709 a
84 1653 259 1710 vicina
287 1651 491 1731 oppida
529 1652 812 1730 ingentem
842 1650 1078 1709 intulere
1106 1669 1377 1711 terrorem
1401 1672 1426 1725 3

35 1735 255 1789 >wic—inm
292 1737 563 1788 exercitat-m
586 1777 603 1796 ,
645 1732 707 1789 &
735 1738 972 1788 Deorum
1009 1733 1220 1812 proftt‘bo
1249 1731 1425 1790 adve-

34 1815 130 1870 ¹isse
169 1833 558 1874 memorantes,
618 1813 944 1874 Alexander
988 1812 1057 1872 ad
1103 1811 1422 1875 vastandam

40 1916 121 1955 arn
158 1897 442 1976 regionem
480 1894 747 1955 Perdicca
783 1918 911 1954 cum
949 1893 1421 1973 expedita‘manu

34 1977 164 2035 nisso
181 1999 200 2050 3
235 1998 448 2056 partem
483 1979 766 2055 copiarum
792 1977 1031 2034 Eumeni
1057 1975 1227 2035 tradit
1248 2019 1264 2045 ,
1292 1998 1354 2036 ut
1377 1981 1423 2038 is

33 2077 227 2137 quoque
255 2059 520 2117 barbaros
545 2057 614 2116 ad
640 2057 981 2117 deditionem
1012 2057 1377 2136 compelleret
1401 2079 1418 2119 :

24 2158 115 2216 pse
140 2158 361 2198 ceteros
388 2140 458 2198 ad
486 2140 678 2197 urbem
711 2139 950 2199 validam
975 2180 989 2206 ‚
1022 2143 1076 2197 in
1105 2160 1270 2217 quam
1293 2140 1420 2200 alia-

34 2240 118 2276 um
147 2241 375 2299 quoque
401 2218 768 2300 confugerant
793 2219 991 2279 incolae
1012 2262 1029 2287 ,
1065 2218 1244 2279 duxit.
1284 2222 1417 2301 Op-

25 2299 185 2361 -·idani
228 2304 400 2360 missis
440 2305 536 2382 qui
572 2323 762 2381 regem
804 2301 1238 2381 deprecarentur
1268 2345 1287 2372 ,
1329 2305 1418 2361 ni·-

0 2395 9 2442 t
38 2379 290 2442 ilominus
323 2383 533 2441 bellum
563 2382 851 2460 parabant.
877 2382 1106 2464 Quippe
1136 2402 1256 2442 orta
1279 2383 1416 2443 sedi-

0 2456 4 2503 ·'
33 2464 77 2519 io
98 2463 151 2520 in
178 2463 391 2523 diversa
417 2464 645 2524 consilia
680 2463 975 2523 diduxerat
1008 2463 1240 2541 vulgum
1264 2489 1283 2540 3
1319 2465 1414 2526 alii

0 2543 18 2622 i
41 2549 176 2602 mnia
196 2544 480 2605 deditione
497 2546 750 2624 potiora3
775 2543 999 2624 quidam
1020 2538 1228 2612 nullam
1245 2568 1412 2625 opem
1494 2584 1498 2587 -

0 2631 51 2706 {¹1¹
76 2623 202 2701 ipsis
233 2647 347 2684 esse
376 2626 676 2685 ducebant.
707 2626 821 2684 Sed
851 2626 980 2684 dum
1012 2626 1146 2685 nihil
1169 2628 1224 2686 in
1250 2649 1411 2685 com-

0 2718 158 2766 'nune
192 2707 501 2791 consulitur
521 2749 540 2778 ,
578 2708 676 2789 qui
698 2706 973 2768 deditioni
1008 2708 1368 2769 imminebant
1390 2751 1408 2778 ,

1106 2807 1208 2858 Siv
