1690 3067
198 107 294 162 540
479 93 1393 162 QUINTE-CURCE‚

278 179 623 260 Legationes
656 203 723 240 eo
750 203 818 240 ex
843 184 1105 243 universo
1137 181 1308 241 ferme
1336 181 1472 242 orbe
1497 203 1635 242 con·
1666 199 1676 232 1'

196 259 497 321 fluxerant.
525 263 749 336 Quibus
777 285 875 343 per
903 264 1220 342 complures
1252 264 1367 323 dies
1391 262 1632 324 studiose
1668 299 1674 338 ς

198 343 403 404 auditis
436 344 698 425 deinceps
725 346 794 404 ad
835 345 1198 426 Ephaestionis
1234 348 1494 425 exequias
1528 346 1631 404 ad·
1670 364 1671 367 ’

197 427 332 506 jecit
359 427 621 486 animum.
647 428 791 500 Quae
828 426 1041 486 summo
1068 432 1321 487 omnium
1351 426 1532 487 fludio
1555 432 1632 487 ita

197 508 498 567 celebratae
522 507 645 567 sunt
680 553 696 578 ,
733 529 795 568 ut
820 509 1022 567 nullius
1051 511 1120 569 ad
1144 509 1200 568 id
1229 530 1450 588 tempus
1486 510 1633 589 regis
1671 510 1676 516 ’

193 586 385 649 feralia
409 633 424 658 ,
458 590 841 670 magnitudine
867 590 1146 651 sumtuum
1168 633 1182 659 ‚
1220 610 1630 671 apparatusque

195 671 524 731 celebritate
563 694 673 730 non
712 674 970 732 vicerint.
1007 671 1134 731 Post
1159 673 1277 731 haec
1305 671 1512 751 cupido
1539 678 1628 732 in—

197 755 364 814 cessit
385 759 503 833 regi
526 775 622 833 per
647 753 1006 834 Pallacopam
1029 776 1244 813 amnem
1276 753 1345 812 ad
1369 753 1627 815 Arabum

196 833 439 895 confinia
463 836 799 915 navigandi:
836 859 951 916 quo
978 836 1195 895 delatus
1232 837 1357 894 urbi
1382 834 1627 895 conden-

197 917 286 978 dae
327 918 626 977 commoda
676 916 800 978 sede
847 939 1065 997 reperta
1104 962 1120 987 ,
1174 919 1410 976 Graecos
1464 937 1666 979 aetate·.

201 1019 297 1059 aut
321 998 646 1060 vulneribus
675 998 949 1060 invalidos
972 1043 988 1069 ,
1023 1004 1079 1060 ὃς
1108 1006 1152 1060 si
1189 1001 1282 1079 qui
1305 999 1501 1080 sponte
1538 1021 1627 1058 re-

198 1099 516 1140 manserant
538 1124 554 1151 ,
593 1080 672 1140 ibi
705 1081 971 1142 collocat.
1000 1081 1223 1156 Quibus
1257 1103 1326 1140 ex
1359 1080 1627 1141 sententia

198 1161 457 1243 perfeciis
482 1164 588 1237 jam
616 1161 787 1222 futuri
813 1162 1031 1222 securus
1054 1207 1070 1233 ,
1103 1163 1403 1222 Chaldaeos
1428 1162 1627 1222 irride-

194 1245 332 1313 bat,
366 1243 523 1325 quod
564 1245 917 1326 Babylonem
956 1267 1068 1304 non
1095 1250 1371 1325 ingressus
1406 1263 1625 1304 tantum

200 1345 344 1386 esset
397 1327 691 1384 incolumis
729 1368 747 1395 ‚
804 1349 1000 1386 verum
1057 1328 1223 1385 etiam
1282 1326 1625 1385 excessisset.

197 1408 509 1468 Enimvero
552 1410 857 1468 revertenti
891 1430 990 1488 per
1028 1407 1260 1487 paludes
1286 1450 1302 1476 ‚
1339 1429 1464 1487 quae
1504 1407 1625 1465 Eu·
1670 1434 1678 1450 ·

195 1491 419 1570 phrates
446 1491 499 1546 in
533 1489 888 1569 Pallacopam
929 1488 1133 1548 effusus
1167 1487 1373 1558 efficit,
1413 1487 1627 1548 foedum

198 1593 364 1631 omen
393 1570 648 1630 oblatum
682 1569 777 1629 est.
820 1572 1048 1652 Quippe
1075 1573 1212 1630 rami
1244 1571 1484 1651 desuper
1515 1572 1621 1630 im-

194 1653 504 1732 pendentes
526 1653 834 1712 detractum
857 1655 1025 1733 capiti
1046 1655 1201 1733 regio
1223 1651 1477 1713 diadema
1498 1674 1626 1733 pro·

191 1737 450 1814 jecerunt
479 1740 532 1795 in
565 1732 785 1792 fluetus.
813 1735 965 1794 Cum
990 1734 1191 1794 deinde
1217 1736 1318 1795 alia
1339 1733 1501 1815 super
1523 1734 1624 1794 alia

192 1816 519 1896 prodigiosa
563 1819 621 1876 ὃς
670 1817 901 1875 minacia
945 1822 1370 1885 nuntiarentur*²
1410 1838 1622 1896 procu-

193 1897 384 1957 randis
416 1900 477 1958 iis
514 1899 721 1957 Graeco
759 1897 922 1957 simul
959 1897 1312 1979 barbaroque
1346 1899 1454 1956 ritu
1483 1921 1621 1958 con·
1675 1946 1677 1949 .

191 1984 349 2039 tinua
387 1978 532 2040 sacra
572 1978 714 2039 faeta
755 1977 899 2038 sunt.
937 1980 1140 2060 Neque
1182 2001 1369 2040 tamen
1410 1981 1621 2060 expiari

196 2082 574 2142 praeterquam
622 2080 799 2122 morte
838 2062 983 2141 regis
1026 2082 1310 2141 potuere3
1351 2066 1448 2142 qui
1493 2085 1619 2121 cum

192 2141 520 2202 Nearchum
550 2144 860 2224 excepisset
894 2146 1156 2204 convivio
1177 2188 1193 2213 ,
1217 2147 1438 2224 jamque
1463 2145 1620 2205 cubi-

194 2242 318 2283 tum
352 2226 531 2285 iturus
556 2246 698 2286 esset
719 2269 734 2294 ,
768 2224 945 2283 Medii
969 2225 1225 2286 Larissaei
1250 2226 1467 2284 obnixis
1493 2248 1618 2304 pre·
1681 2296 1687 2300 ⁸

192 2305 353 2364 cibus
381 2305 574 2377 dedit,
614 2328 676 2366 ut
718 2304 786 2365 ad
818 2328 942 2364 eum
978 2327 1347 2368 comessatum
1380 2309 1617 2368 veniret.

192 2386 317 2445 Ubi
357 2385 649 2467 postquam
687 2405 806 2446 tota
850 2389 1012 2446 noete
1050 2409 1435 2468 perpotasset,
1473 2389 1618 2449 male

190 2468 397 2528 habere
446 2471 638 2549 coepit.
686 2467 1090 2548 Ingravescens
1134 2469 1335 2530 deinde
1386 2472 1617 2531 morbus

187 2549 332 2609 adeo
376 2572 568 2610 omnes
603 2552 745 2612 vires
781 2553 923 2610 intra
968 2551 1184 2611 sextum
1224 2552 1369 2611 diem
1403 2553 1612 2611 exhau-

187 2633 286 2698 sit,
314 2651 374 2690 ut
400 2653 468 2690 ne
496 2638 652 2692 vocis
679 2631 905 2712 quidem
936 2632 1177 2711 potestas
1203 2654 1363 2693 esset.
1389 2632 1609 2693 Interea

185 2714 386 2782 milites
427 2712 800 2790 sollicitudine
839 2713 1236 2798 ,desiderioque
1271 2719 1387 2799 ejus
1427 2719 1607 2797 anxii3
