1690 3067
222 120 318 169 372
509 104 1414 170 QUINTE-CURCE3
1576 166 1578 168 Ι

220 211 331 269 que
359 191 695 248 resonabant
711 209 728 260 3
749 211 877 248 cum
903 210 1023 250 orta
1045 191 1268 250 licentia
1293 212 1322 248 a
1344 186 1530 268 paucis
1546 183 1571 258 ,’
1588 209 1648 249 ut

219 269 336 329 fere
359 269 456 339 fit,
491 272 543 329 in
571 280 762 329 omnes
788 270 838 330 se
862 291 1091 350 repente
1119 271 1422 350 vulgasset.
1463 272 1647 349 Quip-

221 373 295 432 pe
337 351 495 412 velut
530 354 581 410 in
624 352 803 411 media
841 374 1014 432 pace,
1051 374 1149 432 per
1188 351 1386 410 herbas
1419 350 1650 431 conges-

221 454 453 512 tamque
497 432 754 493 frondem
803 433 1235 513 prostraverant
1270 454 1526 512 corpora.
1578 433 1650 492 Et

218 537 324 573 rex
359 513 645 574 fortuitam
685 515 963 574 licentiam
999 537 1112 573 non
1145 535 1427 575 aversatus
1450 557 1467 583 ,
1503 513 1650 594 large

227 597 298 654 ad
326 596 515 677 epulas
555 597 814 655 omn-ibus
855 596 1101 677 praebitis
1124 639 1140 664 ‚
1177 618 1276 675 per
1314 595 1510 654 decem
1541 594 1649 654 dies

224 677 440 737 Libero
461 678 611 736 Patri
635 699 926 757 operatum
951 678 1145 737 habuit
1168 679 1493 736 exercitum.
1514 677 1648 749 Quis

223 780 399 839 neget
434 761 689 818 eximiam
729 780 958 838 quoque
998 759 1232 839 gloriam
1256 758 1451 836 saepius
1474 755 1647 816 fortu-

225 861 349 909 nae,
377 861 543 920 quam
569 843 790 901 virtutis
821 862 936 900 esse
964 839 1338 899 beneficium?
1359 841 1565 919 quippe
1586 860 1646 899 ne

229 923 520 1001 epulantes
568 921 796 1001 quidem
822 965 837 990 ‚
883 926 941 981 δε
986 921 1197 1001 sopitos
1236 942 1390 980 mero
1431 920 1647 1000 aggredi

229 1025 393 1062 ausus
427 1001 503 1062 est
535 1002 735 1072 hostis,
767 1003 915 1063 haud
943 1003 1095 1063 secus
1118 1003 1521 1062 Bacchantium
1545 1001 1645 1060 ulu-

228 1086 576 1164 lantiumque
602 1085 824 1145 fremitu
853 1090 1179 1164 perterritus
1201 1128 1216 1152 ,
1259 1106 1424 1164 quam
1453 1084 1495 1140 si
1521 1104 1644 1163 prae-

231 1167 483 1225 liantium
512 1166 724 1225 clamor
749 1187 892 1225 esset
919 1166 1157 1226 auditus,
1194 1165 1405 1224 Eadem
1429 1163 1644 1223 felicitas

232 1249 302 1306 ab
333 1249 572 1306 Oceano
606 1268 948 1307 revertentes
983 1247 1322 1306 temulentos
1347 1266 1644 1305 comessan-

229 1348 429 1408 tesque
454 1335 600 1389 inter
625 1350 721 1387 ora
752 1328 989 1387 hostium
1018 1330 1181 1386 texit.
1493 1337 1514 1359 ⁸
1538 1327 1575 1354 ⁴⁹

323 1410 474 1469 Hinc
502 1410 570 1468 ad
596 1414 885 1489 regionem
909 1454 926 1479 ,
965 1432 1089 1489 quae
1121 1407 1363 1467 Doedala
1386 1426 1642 1475 vocatur,

230 1512 565 1571 perventum
600 1490 695 1550 est.
735 1490 1114 1550 Deseruerant
1151 1489 1351 1548 incolae
1381 1488 1565 1555 sedes,
1598 1490 1643 1547 8<

229 1576 286 1633 in
315 1574 467 1632 avios
494 1571 878 1652 silvestresque
904 1592 1123 1631 montes
1146 1570 1532 1648 confugerant.
1554 1568 1643 1628 Ei·-

233 1676 309 1734 go
336 1654 596 1712 Acadera
621 1657 814 1713 transit
838 1697 852 1722 ‚
885 1676 1042 1734 aeque
1069 1652 1183 1712 usta
1209 1657 1267 1712 &
1293 1651 1549 1711 destituta
1572 1651 1660 1729 in-z

236 1736 543 1795 colentium
569 1733 720 1814 fuga.
755 1735 957 1815 Itaque
983 1737 1252 1794 rationem
1275 1734 1409 1794 belli
1429 1732 1643 1792 necessi-

234 1836 316 1876 tas
355 1819 606 1877 mutavit.
643 1817 851 1878 Divisis
887 1819 1030 1875 enim
1080 1818 1255 1896 copiis
1295 1815 1544 1894 pluribus
1583 1813 1643 1871 si-

231 1898 350 1955 mul
376 1899 515 1956 locis
538 1919 686 1956 arma
718 1897 996 1969 ostendit3
1035 1899 1395 1977 oppressique
1421 1940 1438 1965 ,
1472 1900 1528 1955 &
1563 1895 1660 1974 qui·

231 1982 687 2059 exspeotaverant
712 1978 923 2040 hostem
945 2023 961 2049 ‚
998 1981 1149 2038 omni
1177 1978 1335 2038 clade
1362 1977 1644 2057 perdomiti

232 2060 375 2119 sunt.
419 2060 753 2120 Ptolemaeus
789 2061 1053 2140 plurimas
1095 2060 1302 2133 urbes3
1337 2055 1644 2119 Alexander
1689 2132 1690 2140 ἵ

162 2158 171 2167 “
233 2144 499 2201 maximas
529 2145 680 2221 cepit
706 2166 717 2201 :
753 2164 1051 2223 rursusque
1074 2185 1090 2210 ‚
1125 2163 1261 2222 quas
1282 2139 1643 2222 distribuerat,
1688 2156 1690 2163 ⁴

236 2226 426 2300 copias
451 2227 652 2303 junxit.
685 2226 962 2303 Superato
991 2224 1190 2283 deinde
1222 2223 1483 2301 Choaspe
1503 2237 1657 2279 amne

237 2304 465 2363 Coenon
488 2307 539 2361 in
565 2305 857 2364 obsidione
880 2306 1030 2362 urbis
1057 2304 1339 2384 opulentae
1363 2347 1379 2372 ,
1408 2303 1655 2366 Beziram¹

234 2385 434 2445 incolae
461 2406 666 2445 vocant
688 2429 703 2454 ,
741 2387 983 2465 reliquit.
1019 2384 1147 2463 Ipse
1175 2385 1243 2444 ad
1276 2385 1536 2463 Mazagas
1557 2382 1690 2440 ve-f?

235 2469 337 2525 nit.
372 2468 569 2546 Nuper
610 2468 900 2526 Assacano
924 2510 938 2535 ,
976 2471 1134 2544 cujus
1169 2489 1404 2547 regnum
1441 2464 1690 2536 fuerat,··[j

237 2549 543 2607 demortuo
581 2569 599 2617 3
655 2550 871 2628 regioni
923 2549 1161 2628 urbique
1213 2566 1446 2627 praeerat
1484 2559 1639 2627 mater
1688 2607 1690 2628 Ι

239 2632 354 2692 eius
398 2629 700 2707 Cleophes.
739 2630 995 2709 Triginta
1037 2629 1203 2688 millia
1248 2629 1498 2708 peditum
1536 2643 1648 2683 tue--
1688 2688 1690 2698 ⁴

233 2710 439 2769 bantur
489 2710 683 2770 urbem
718 2755 736 2782 ,
784 2732 897 2772 non
945 2716 1055 2775 situ
1099 2709 1274 2772 solum
1301 2752 1319 2783 ,
1359 2707 1454 2770 sed
1495 2705 1642 2769 etiam
