1690 3067
248 100 508 151 LIVRE
544 103 609 149 Χ.
652 96 1110 149 CHAPJTRE
1145 102 1280 151 VII.
1395 111 1489 167 559

63 182 340 264 :oplacet³
386 187 489 243 nisi
527 186 622 263 qui
665 183 917 241 nondum
961 203 1124 244 natus
1169 184 1246 244 est
1279 207 1293 244 z
1331 190 1389 247 ὃς
1433 190 1494 247 in

63 295 97 318 ,ο
125 285 276 323 tanta
318 266 565 323 omnium
608 263 955 324 festinatione
980 309 997 334 ‚
1036 286 1149 324 non
1188 263 1323 345 justa
1356 291 1486 327 mo—

61 375 95 400 a>
123 347 198 405 do
220 389 235 414 ,
272 344 365 404 sed
400 347 566 406 etiam
606 352 911 407 necessaria
939 389 957 416 ‚
1005 349 1227 407 exactos
1269 371 1485 409 menses

59 456 93 480 :n
120 429 265 486 solus
291 429 577 506 exspectat
599 471 615 497 ,
655 430 845 506 &jam
875 428 1087 488 divinat
1122 451 1329 488 marem
1367 453 1482 490 esse

57 537 91 561 1>
118 525 457 586 conceptum
475 551 490 576 ,
517 529 683 589 quem
709 530 811 569 vos
832 507 1098 569 dubitatis
1122 530 1375 589 paratum
1407 511 1484 570 es-

58 620 92 644 20
118 589 171 648 se
196 592 285 649 vel
309 586 562 651 subdere·
599 591 658 650 Si
697 590 1107 650 medius-fidius
1150 592 1479 652 Alexander

56 701 89 724 ω
118 673 265 729 hunc
318 670 480 730 nobis
530 693 721 752 regem
776 693 880 751 pro
930 672 983 733 se
1026 671 1339 754 reliquisset
1363 716 1381 742 ,
1420 673 1479 733 id

56 781 90 805 20
116 750 293 810 solum
316 774 385 812 ex
416 752 480 812 iis
508 795 525 822 ,
562 775 688 834 quae
723 755 1045 834 imperasset
1068 795 1084 822 ,
1121 775 1234 813 non
1271 753 1482 814 facien-

51 861 86 887 ω
115 831 250 893 dum
297 854 417 892 esse
469 855 775 894 censerem.
824 835 981 908 Quin
1021 836 1203 914 igitur>
1232 835 1303 896 ad
1340 837 1475 896 diri-

51 944 85 968 m
112 913 346 993 piendos
383 914 673 975 thesauros
709 914 1062 976 discurritis?
1103 917 1296 975 harum
1330 919 1477 978 enim

50 1025 85 1048 ω
112 1017 284 1075 opum
319 998 595 1076 regiarum
632 999 826 1077 utique
859 997 1103 1077 populus
1139 996 1214 1056 est
1239 1000 1397 1059 heres
1421 1026 1474 1057 oc.

51 1078 197 1136 Haec
235 1077 492 1137 elocutus
522 1099 622 1156 per
652 1078 865 1138 medios
900 1098 1138 1138 armatos
1164 1082 1347 1159 erupit
1369 1123 1386 1148 ‚
1414 1085 1472 1139 ὃς

52 1160 147 1238 qui
171 1159 401 1217 abeunti
426 1164 571 1219 viam
598 1159 867 1219 dederant
885 1205 901 1229 ,
925 1160 1105 1240 ipsum
1130 1159 1200 1221 ad
1224 1182 1471 1239 pronun·-

46 1244 237 1299 tiatam
263 1239 509 1319 praedam
534 1239 926 1321 sequebantur.

141 1322 247 1380 CA
266 1340 320 1379 P.
346 1319 508 1381 VII.
541 1322 775 1401 Jamque
800 1341 1139 1381 armatorum
1166 1322 1312 1382 circa
1340 1323 1467 1383 Me='

44 1404 292 1483 leagrum
324 1400 585 1482 frequens
618 1404 822 1482 globus
848 1423 965 1462 erat
990 1446 1006 1472 ‚
1048 1409 1103 1463 in
1136 1402 1464 1464 seditionem

43 1505 107 1542 ac
145 1484 478 1543 discordiam
512 1506 670 1543 versa
715 1490 1027 1552 concione,
1068 1506 1196 1543 cum
1234 1485 1461 1565 quidam

39 1564 318 1644 plerisque
351 1564 731 1625 Macedonum
763 1570 990 1646 ignotus
1020 1587 1089 1625 ex
1123 1564 1311 1626 infima
1342 1567 1462 1648 ple-

41 1645 111 1704 be
129 1688 146 1715 ‚
183 1644 329 1716 Qtid
351 1663 468 1727 opus
494 1646 555 1719 est
573 1690 588 1716 ‚
617 1647 798 1728 inquit
813 1690 830 1717 ,
855 1648 1020 1704 armis
1037 1689 1056 1716 ,
1088 1649 1336 1725 civilique
1358 1647 1458 1705 hel-

39 1729 87 1782 Io
123 1725 424 1783 habentibus
465 1749 625 1807 regem
647 1771 662 1795 ‚
709 1749 856 1806 quem
901 1729 1121 1806 quaeritis
1146 1735 1170 1783 ἓ
1218 1728 1457 1788 Aridaus

40 1807 278 1889 Philippo
299 1810 502 1888 genitas
518 1852 535 1877 ,
560 1808 864 1865 Alexandri
879 1811 1040 1888 paulo
1061 1826 1179 1864 ante
1202 1814 1325 1890 regis
1333 1813 1453 1887 fra-

38 1904 146 1954 ter,
162 1887 465 1963 sacrorum,
494 1892 1004 1967 caeremoniarumque
1031 1910 1233 1946 consors
1262 1891 1408 1947 modo
1432 1936 1451 1963 ,

0 1987 1 2024 3
35 1991 176 2025 nunc
192 1971 332 2044 fhlus
355 1970 486 2026 heres
506 2016 520 2038 ‚
543 1972 826 2051 prateritur
858 1991 891 2026 a
925 1967 1086 2025 vobis.
1124 1974 1240 2041 Qo
1268 1976 1449 2029 merito

24 2049 120 2124 suo
141 2058 166 2106 ,Ρ
203 2048 397 2128 quidve
409 2052 535 2125 fecit
561 2094 576 2119 ‚
620 2073 715 2107 cur
742 2054 897 2108 etiam
919 2052 1156 2131 gentium
1192 2056 1455 2109 communi

25 2134 138 2202 jure
155 2130 450 2206 fraudatur
477 2139 502 2187 ?
536 2134 596 2187 Si
616 2130 919 2189 Alexandro
945 2134 1163 2188 similem
1190 2136 1409 2210 quaeritis
1433 2178 1452 2205 ,

32 2233 304 2290 nunquam
330 2215 578 2293 reperietis
603 2236 623 2279 ;
661 2215 705 2268 si
721 2215 1014 2295 proximum
1041 2256 1058 2283 ,
1095 2213 1177 2269 hic
1193 2213 1330 2287 fhlus
1367 2213 1447 2289 est.

31 2293 139 2352 His
165 2294 361 2354 auditis
389 2295 589 2353 concio
616 2296 796 2374 primo
821 2294 1097 2354 silentium
1124 2295 1281 2356 velut
1306 2299 1452 2374 jussa

24 2372 258 2433 habuit:
300 2376 650 2436 conclamant
694 2376 896 2436 deinde
933 2377 1138 2454 pariter
1176 2376 1451 2434 Aridaeum

27 2454 329 2511 vocandum
365 2478 460 2512 esse
480 2499 497 2526 ,
534 2474 847 2533 mortemque
871 2458 1074 2512 meritos
1093 2499 1108 2519 ,
1134 2459 1227 2534 qui
1250 2460 1448 2512 concio-

28 2557 145 2591 nem
181 2537 285 2590 sine
311 2558 359 2591 eo
398 2536 706 2596 habuissent.
740 2536 891 2595 Tum
917 2537 1121 2597 Pithon
1155 2538 1353 2616 plenus
1376 2538 1452 2597 la-

29 2637 341 2696 crymarum
379 2617 598 2676 orditur
634 2617 818 2677 dicere
840 2660 856 2686 ,
892 2623 1062 2674 Nunc
1096 2620 1184 2674 vel
1222 2622 1448 2674 maxime

29 2697 365 2755 miserabilem
394 2720 488 2754 esse
509 2697 882 2756 Alexandrum
902 2744 918 2764 ,
944 2701 1036 2778 qui
1057 2716 1166 2755 tam
1194 2697 1443 2754 bonorum

1111 2797 1287 2855 Aaiv
