1690 3067
218 85 485 141 'LIVRE
524 85 653 141 VII.
691 84 1143 141 CHAPITRE
1191 86 1232 141 J.
1378 103 1470 159 203

26 179 78 227 ἐ»
105 170 245 233 rant.
274 173 362 234 Ita
398 176 444 235 si
477 197 506 233 a
547 175 784 233 consciis
827 175 1033 233 amicos
1068 197 1180 234 non
1219 176 1421 239 dividis
1446 199 1470 248 3

41 283 75 307 x>
105 276 204 314 nec
247 254 315 314 ab
350 257 536 316 amicis
571 255 797 337 quidem
838 253 1113 334 separabis
1157 258 1281 317 illos
1305 303 1321 328 ‚
1369 263 1466 339 qui

39 363 75 388 m
100 335 245 396 idem
271 357 386 396 esse
417 339 737 399 voluerunt.
768 336 945 410 Quod
976 339 1147 417 igitur
1173 342 1465 400 conscien-

38 414 73 468 ἆυ
99 421 189 477 tiae
215 416 443 477 affertur
470 418 735 479 indicium
762 416 784 475 :²
816 438 878 477 ut
914 421 1117 497 opinor
1139 463 1155 488 ‚
1197 426 1326 500 quia
1353 425 1464 500 pri-

35 523 71 551 ω
99 497 186 557 die
209 496 546 573 familiariter
567 543 583 569 ‚
616 503 676 559 &
717 501 831 558 sine
866 500 1085 560 arbitris
1122 501 1347 560 locutus
1383 503 1462 564 est

37 606 72 630 v
98 579 391 640 nobiscum
426 579 450 640 ,Ρ
486 581 571 640 At
614 603 722 661 ego
766 603 1004 661 purgare
1039 603 1152 642 non
1189 604 1409 662 possem
1436 628 1457 655 ,

36 686 70 712 πο
96 663 137 720 si
172 661 347 740 pridie
386 662 692 743 quidquam
729 683 797 721 ex
832 683 1019 723 vetere
1056 666 1171 729 vita
1205 686 1268 723 ac
1301 687 1460 727 more

35 767 71 792 ω
96 762 412 803 mutassem.
447 746 616 804 Nunc
643 765 812 813 vem,
843 745 916 813 si,
953 765 1015 803 ut
1045 746 1303 805 omnibus
1336 747 1459 808 die-

34 849 68 874 :0
94 823 233 893 buS,
266 826 365 884 illo
399 846 624 907 quoque
648 870 662 894 ‚
708 828 804 904 qui
839 824 1121 905 suspec‘ms
1164 826 1273 894 est,
1316 825 1458 888 feci-

35 929 71 954 s>
93 926 214 963 mus
237 949 251 974 ,
288 907 641 967 consuetudo
672 906 845 966 diluet
870 912 1098 968 crimen,
1130 908 1243 968 Sed
1277 931 1456 990 equos

31 987 405 1065 »Antiphani
444 1011 556 1047 non
602 987 900 1048 dedimus!
954 993 1011 1048 &
1055 988 1235 1067 pridie
1285 1012 1456 1070 quam

28 1091 63 1117 πο
91 1067 337 1128 Philotas
373 1070 622 1129 detectus
655 1067 765 1137 est,
800 1071 920 1128 haec
954 1071 1086 1130 mihi
1125 1092 1252 1129 cum
1284 1073 1453 1131 Anti-

30 1172 63 1197 ω
91 1149 268 1227 phane
299 1171 384 1209 res
421 1170 538 1209 erat
572 1151 584 1210 !
628 1151 723 1230 qui
751 1151 794 1209 si
828 1171 929 1209 nos
954 1150 1234 1230 sus.pe6³cos
1268 1149 1455 1212 face-re

30 1235 64 1277 ὠ
88 1230 245 1302 vult,
281 1232 438 1311 quod
472 1230 571 1291 illo
605 1231 692 1290 die
727 1253 901 1310 equos
937 1253 1048 1289 non
1090 1232 1452 1308 dederimu33

26 1335 62 1362 a>
87 1307 473 1391 semetipsum,
512 1313 668 1392 quod
705 1333 800 1373 eos
838 1312 1274 1384 desideraverit,
1309 1336 1457 1394 pur--¹

28 1416 62 1442 ω
88 1413 222 1471 gare·
242 1396 599 1473 nongpoterit.
622 1397 851 1472 Anceps
875 1395 1021 1453 enim
1045 1396 1250 1454 crimen
1274 1395 1350 1455 est
1375 1398 1453 1455 in-

27 1496 61 1521 ³0
86 1492 170 1531 ter
190 1477 519 1534 retinentem
545 1479 602 1534 &
626 1479 942 1556 exigentem
963 1495 982 1546 3
1015 1477 1117 1534 nisi
1149 1476 1305 1557 quod
1334 1500 1452 1538 me-

26 1577 58 1602 :n
84 1553 187 1612 lior
229 1554 305 1614 est
359 1577 521 1616 causa
559 1555 716 1615 suum
767 1577 878 1615 non
926 1556 1237 1629 tradentiS,
1275 1569 1454 1638 quam'

24 1659 57 1683 ω
82 1641 359 1713 poscentis
405 1638 664 1697 alienum.
716 1637 1026 1699 Ceterum,
1061 1660 1159 1698 rex
1198 1682 1215 1707 ‚
1263 1661 1445 1719 equos

22 1740 57 1764 ω
83 1715 275 1777 decem
294 1719 493 1787 habui,
520 1742 548 1779 e
575 1719 779 1799 quibus
808 1721 1161 1799 Antiphanes
1184 1722 1312 1778 ocio
1332 1724 1445 1800 jam

21 1821 54 1845 ³0
83 1797 428 1860 distribuerat
459 1801 520 1859 iis
553 1844 568 1869 ,
610 1803 705 1880 qui
737 1805 1030 1860 amiserant
1060 1800 1206 1860 suOS.
1240 1802 1444 1862 Omni-

21 1903 54 1926 »
78 1900 149 1938 no
183 1879 323 1939 duos
354 1883 469 1960 ipse
492 1882 764 1941 habebam
789 1904 802 1941 z
832 1902 974 1962 quos
999 1904 1125 1941 cum
1150 1882 1324 1943 vellet
1347 1885 1445 1943 ab·

21 1983 53 2008 ³0
80 1960 282 2021 ducere
307 1963 477 2021 homo
506 1961 925 2042 superbissimus
948 2007 963 2032 ,
1000 1984 1150 2023 certe
1175 1966 1445 2044 iniquissi-

22 2065 54 2089 ω
80 2063 199 2100 mus
215 2085 232 2111 ,
254 2046 354 2103 nisi
374 2043 545 2124 pedes
567 2044 799 2103 militare
818 2045 1021 2104 vellem
1038 2088 1055 2114 ‚
1077 2046 1314 2104 retinere
1339 2069 1445 2105 co-

23 2147 56 2171 20
82 2122 269 2200 gebar.
296 2124 422 2184 Nec
446 2124 645 2184 infitias
669 2148 737 2185 eo
756 2169 773 2194 ‚
807 2125 968 2185 liberi
996 2127 1233 2187 hominis
1256 2129 1444 2187 animo

22 2227 56 2251 ω
78 2202 330 2262 locutum
368 2227 484 2264 esse
520 2229 608 2265 me
646 2229 774 2266 cum
805 2207 1159 2287 ignavissimo
1181 2251 1196 2278 ,
1225 2212 1283 2267 &
1325 2210 1437 2268 hoc

22 2304 246 2344 »unum
297 2287 508 2347 militiae
560 2286 668 2346 suae
713 2295 1014 2368 usurpante
1052 2332 1067 2358 ,
1123 2310 1186 2348 ut
1227 2290 1440 2350 alienos

20 2388 53 2414 ω
79 2385 252 2444 equos
284 2370 610 2449 pugnaturis
634 2368 941 2429 distribuat.
967 2372 1101 2430 Huc
1142 2373 1285 2429 enim
1328 2395 1439 2432 ma-

21 2470 55 2494 20
79 2445 258 2506 lorum
278 2470 508 2510 ventum
528 2449 602 2511 est
621 2495 637 2520 ,
661 2472 722 2510 ut
744 2452 912 2511 verba
939 2474 1058 2511 mea
1081 2452 1280 2513 eodem
1302 2473 1440 2512 tem-

21 2551 54 2575 »
79 2547 213 2605 pore
238 2571 254 2598 ,
291 2534 348 2589 &
374 2531 702 2593 Alexandro
734 2554 996 2591 excusem
1019 2577 1033 2602 ‚
1067 2538 1124 2593 &
1151 2534 1438 2613 Antipha-

19 2632 51 2655 »
79 2609 147 2664 ni.
184 2610 269 2669 At
304 2612 530 2672 hercule
566 2634 740 2673 mater
773 2614 841 2672 de
876 2614 1037 2673 nobis
1069 2616 1302 2675 inimicis
1330 2618 1441 2673 tuis

19 2712 50 2739 ι
75 2686 313 2773 scripsit!
332 2695 566 2758 Utinam
583 2695 908 2777 prudentius
932 2716 1072 2758 esset
1089 2695 1319 2756 sollicita
1337 2719 1439 2776 pro

1151 2797 1222 2848 ΙΨ
