1690 3067
220 91 482 148 LIVRE
520 86 614 146 VJ.
655 83 1115 143 cH'APJTRE
1167 87 1233 142 Χ.
1358 93 1449 159 175

33 190 68 236 ’,ε
95 182 355 240 mientern
383 180 518 239 meis
551 181 756 239 inimici
793 175 1090 238 vinciendo
1117 178 1453 237 excitarunt.

33 291 67 315 a>
100 262 246 322 unde
269 262 336 321 de
356 262 641 341 parricidae
662 266 719 321 ὅ(
735 256 1010 340 proditori
1029 279 1141 316 tam
1167 259 1274 317 alta
1296 260 1453 338 quies

32 362 66 397 ar>
93 344 268 404 somni
310 345 331 402 ἓ
384 344 650 402 Scelerati
695 341 1036 402 conscientia
1096 338 1451 420 obstrepente

32 453 66 478 ιο
95 448 220 484 cum
256 424 494 486 dormire
533 443 644 482 non
692 424 903 506 possint
923 443 943 492 3
979 425 1192 501 agitant
1234 443 1329 480 eos
1361 420 1451 481 fu-

29 534 66 559 :o
92 512 183 565 riae
209 550 226 574 ,
265 528 375 564 non
419 507 670 584 cogitato
712 504 884 564 modo
909 548 924 573 ‚
957 502 1051 562 sed
1086 506 1143 561 ὃς
1182 523 1449 560 consum-

27 607 62 639 ἑο
92 607 239 646 mato
278 588 590 666 parricidio,
640 587 727 646 At
769 587 900 644 mihi
940 583 1294 644 securitatem
1333 586 1449 663 pri-

30 697 63 722 :n
93 690 238 726 mum
262 670 577 729 innocentia
608 692 763 743 mea3
787 666 987 726 deinde
1013 665 1206 725 dextra
1228 685 1324 724 tua
1349 665 1450 724 ob-

30 779 62 803 a
91 749 330 809 tulerant
357 771 369 807 :
410 773 520 810 non
547 752 744 820 timui,
784 770 852 809 ne
884 748 1009 828 plus
1039 749 1228 806 alienae
1251 745 1448 805 crude-

28 860 61 884 „
87 829 224 888 litati
255 831 403 910 apud
427 852 482 891 te
517 832 711 892 liceret
733 875 749 899 ‚
787 853 951 911 quam
982 828 1291 888 clementiae
1316 848 1446 888 tuae.

27 939 59 966 :a
89 911 181 972 sed
217 935 282 971 ne
322 932 377 971 te
413 914 546 974 mihi
586 912 880 973 credidisse
910 916 1216 991 poeniteat‚
1259 931 1345 968 res
1378 909 1449 970 ad

29 1021 63 1046 πο
93 1016 177 1052 me
220 992 574 1053 deferebatur
607 1017 634 1053 a
673 1015 846 1073 puero
870 1036 886 1061 ,
928 993 1023 1072 qui
1059 1014 1172 1050 non
1207 989 1401 1050 testem
1424 1032 1446 1062 ‚

26 1102 62 1128 a»
91 1096 201 1133 non
233 1076 432 1155 pignus
463 1076 654 1135 indicii
684 1076 943 1134 exhibere
969 1093 1190 1153 poterat
1210 1116 1227 1141 ,
1252 1072 1447 1152 imple-

27 1170 61 1209 :5
89 1175 245 1214 turus
276 1177 467 1215 omnes
501 1177 688 1226 mem,
712 1158 754 1214 si
779 1158 1029 1235 caepisset
1055 1155 1250 1215 audiri.
1276 1155 1446 1214 Ama-

28 1266 63 1290 ω
89 1239 221 1295 toris
264 1241 322 1295 &
362 1236 529 1296 scorti
563 1239 747 1319 jurgio
785 1238 1064 1317 interponi
1105 1258 1261 1296 aures
1300 1257 1448 1296 meas

31 1347 64 1371 ω
93 1317 301 1377 credidi
331 1319 522 1378 infelix
544 1363 559 1388 ,
595 1323 654 1378 &
678 1319 848 1379 fidem
879 1322 995 1398 ejus
1025 1317 1326 1396 suspeciam
1353 1318 1449 1377 ha-

30 1428 65 1453 ω
91 1398 226 1468 bui,
267 1400 422 1480 quod
458 1423 571 1460 non
613 1403 729 1480 ipse
763 1399 1005 1461 deferret
1039 1443 1056 1469 ,
1094 1399 1187 1459 sed
1222 1398 1447 1460 fratrem

31 1508 64 1533 πο
89 1485 274 1560 potius
299 1481 642 1542 subornaret,
672 1483 902 1551 Timui,
939 1504 1008 1540 ne
1043 1500 1269 1562 negaret
1294 1503 1450 1539 man·-

30 1588 64 1615 ιο
93 1562 245 1621 dasse
285 1562 337 1622 se
381 1564 658 1623 Cebalino
697 1585 716 1634 3
761 1568 817 1623 &
857 1584 964 1643 ego
1005 1562 1223 1623 viderer
1263 1561 1450 1620 multis

30 1670 66 1696 z>
92 1645 394 1704 amicorum
436 1648 580 1724 regis
624 1644 788 1705 fuisse
835 1644 1069 1724 periculi
1112 1666 1294 1704 causa.
1354 1644 1449 1703 Sic

31 1753 64 1777 a
91 1747 314 1806 quoque
341 1749 468 1786 curn
494 1727 725 1786 laeserim
750 1729 1022 1787 neminem
1044 1769 1061 1795 ‚
1088 1728 1312 1793 inveni,
1351 1727 1449 1804 qui

30 1834 63 1858 m
89 1807 276 1866 mallet
320 1810 498 1886 perire
541 1832 627 1868 me
659 1854 675 1879 ,
726 1830 890 1888 quarn
931 1807 1268 1867 incolumem
1314 1828 1450 1866 esse.

29 1915 64 1940 ι
91 1888 225 1967 quid
249 1890 653 1949 inimicitiarum
680 1890 903 1949 creditis
927 1910 1296 1969 excepturum
1320 1886 1450 1946 fuis·-

0 2003 2 2042 ζ
29 1995 65 2022 :o
91 1969 143 2027 se
163 2012 178 2038 ‚
215 1971 257 2027 si
285 1972 534 2030 insontes
560 1972 894 2031 lacessissem
918 1969 942 2028 ἓ
976 1971 1060 2029 At
1097 1975 1242 2030 enirn
1268 1969 1448 2051 Dym-

1 2045 64 2124 ξω
92 2072 191 2109 nus
224 2050 276 2111 se
317 2051 568 2110 occidit?
612 2053 766 2110 Num
806 2054 974 2132 igitur
1010 2050 1283 2111 faciurum
1319 2071 1447 2109 eum

4 2126 65 2212 ζ»
92 2130 332 2191 divinare
362 2129 570 2211 potui?
607 2139 847 2193 minime.
874 2132 960 2193 Ita
985 2133 1140 2213 quod
1170 2131 1347 2191 solum
1372 2137 1451 2192 in-

9 2236 65 2292 ¹:³⁰
91 2212 241 2272 dicio
277 2212 448 2272 fidem
483 2212 652 2283 fecit,
695 2215 754 2276 id
792 2237 878 2274 me
902 2258 918 2283 ,
959 2236 1089 2273 cum
1113 2237 1140 2273 a
1171 2210 1449 2273 Cebalino

13 2312 67 2349 iao
93 2294 471 2373 interpellatus
499 2294 617 2354 sum
641 2339 655 2364 ,
694 2318 919 2356 movere
947 2317 1058 2355 non
1093 2314 1330 2377 poterat.
1363 2295 1450 2355 At

16 2386 65 2425 ³²>
91 2375 347 2446 hercule,
395 2377 438 2436 si
482 2382 739 2436 conscius
777 2377 1013 2457 Dymno
1053 2379 1193 2436 tanti
1232 2375 1449 2436 sceleris

39 2482 66 2505 ιο
92 2453 309 2514 fuissem
331 2499 347 2525 ,
375 2456 549 2517 biduo
580 2459 677 2517 illo
702 2461 955 2539 proditos
977 2480 1094 2518 esse
1116 2481 1218 2518 nos
1241 2501 1258 2528 ‚
1294 2458 1451 2518 dissi-

42 2562 69 2585 n
97 2538 300 2594 mulare
332 2559 440 2595 non
476 2538 684 2598 debui:
726 2540 1030 2601 Cebalinus
1057 2541 1171 2620 ipse
1209 2538 1334 2599 tolli
1375 2539 1446 2600 de

46 2643 67 2666 υ
94 2616 274 2675 medio
301 2617 454 2676 nullo
480 2623 707 2700 negotio
730 2625 933 2701 potuit.
955 2621 1180 2681 Deinde
1204 2619 1327 2702 post
1350 2621 1447 2680 de·-

50 2724 68 2748 ο
91 2698 262 2759 latum
286 2698 551 2760 indicium
568 2745 589 2776 ,
619 2724 733 2786 quo
758 2705 1037 2786 periturus
1058 2726 1205 2764 eram
1229 2747 1245 2771 ,
1286 2702 1444 2762 cubi*

1165 2802 1217 2852 H
1238 2803 1286 2853 iv
