1690 3067
140 96 238 164 423
434 99 1334 180 QE⁷In⁷TE-CURCE,

139 219 172 242 ιο
202 214 322 251 rum
380 218 565 255 rerum
618 201 885 259 terminos
933 198 1227 257 adeuntem
1277 200 1562 257 alumnum

139 300 173 324 ω
199 278 752 360 commilitonemque
795 279 1034 342 vestrum
1071 324 1086 348 ,
1137 302 1204 339 ne
1252 278 1431 338 dicam
1475 302 1565 338 re-

139 382 174 404 πο
201 379 330 437 gem
353 402 369 427 ‚
405 359 686 420 deseratis,
716 363 921 422 Cetera
947 363 1107 421 vobis
1131 361 1432 440 imperavi3
1457 362 1566 419 hoc

142 463 176 486 ω
205 460 377 497 unum
403 440 692 502 debiturus
715 442 851 503 sum.
879 444 953 501 Et
978 446 1019 502 is
1042 466 1143 502 vos
1169 464 1344 523 rogO,
1370 447 1466 522 qui
1487 447 1569 502 ni·-

143 545 176 567 20
204 520 279 577 hil
301 543 548 602 unquam
574 525 735 584 vobis
767 528 1010 605 praecepi
1031 569 1046 594 ,
1083 526 1212 605 quin
1241 526 1450 603 primus
1480 546 1569 583 me

144 627 178 649 π
207 604 466 681 periculis
493 605 793 665 obtulerim
819 630 830 666 τ
863 611 955 688 qui
986 608 1126 686 saepe
1160 608 1331 665 aciem
1366 606 1572 685 clypeo

144 710 178 734 πο
207 707 334 744 meo
375 691 530 747 texi:
567 710 636 748 ne
673 687 1006 769 infregeritis
1048 692 1101 746 in
1144 689 1398 747 manibus
1437 693 1571 747 meis

144 791 179 815 ³0
206 766 448 845 palmam
479 812 494 836 ,
543 791 650 848 qua
693 771 1004 830 Herculem
1045 769 1426 849 Liberumque
1469 791 1572 847 pa-

145 875 180 897 ae
208 867 348 906 trem
372 891 386 917 ‚
420 851 462 907 si
485 851 692 910 invidia
718 850 983 920 abfuerit,
1012 851 1269 932 aequabO.
1293 850 1442 909 Date
1464 851 1573 910 hoe

147 955 182 979 :a
209 930 467 1006 precibus
499 934 633 991 meis
652 977 668 1002 ‚
706 938 762 992 &
796 935 1020 994 tandem
1048 931 1382 992 obstinatum
1406 932 1573 991 silen-

149 1036 182 1061 α)
210 1011 346 1069 tium
371 1015 660 1092 erumpite.
695 1017 815 1074 Ubi
837 1015 912 1075 est
934 1016 1025 1074 ille
1049 1018 1257 1076 clamor
1282 1013 1577 1073 alacritatis

151 1120 186 1143 πο
213 1091 404 1151 vestrae
439 1098 608 1153 index
646 1095 670 1154 ?
718 1098 814 1156 ubi
855 1100 948 1158 ille
995 1119 1246 1157 meorum
1300 1095 1576 1156 Macedo-

152 1201 185 1226 ιο
215 1194 347 1234 num
374 1175 597 1234 vultus?
621 1200 732 1237 non
766 1201 1011 1259 agnosco
1034 1201 1135 1237 vos
1159 1223 1173 1247 ‚
1209 1177 1445 1249 milites3
1474 1200 1577 1237 nec

151 1284 189 1307 σο
213 1259 442 1335 agnosci
475 1258 674 1318 videor
716 1283 745 1320 a
784 1261 963 1320 vobis,
1007 1259 1215 1319 Surdas
1252 1258 1580 1337 jamdudum

154 1365 189 1389 σο
219 1360 374 1397 aures
399 1338 562 1418 pulso
586 1362 598 1399 :
637 1363 860 1403 aversos
884 1347 1095 1403 animos
1121 1345 1177 1401 ὃ(
1203 1338 1462 1401 infraclos
1486 1364 1581 1402 ex-

156 1447 191 1471 »
220 1440 389 1480 citare
417 1443 613 1482 conor.

242 1585 508 1666 Cumque
531 1581 608 1646 illi
629 1586 682 1644 in
709 1606 913 1650 terram
935 1587 1181 1650 demissis
1207 1584 1479 1668 capitibus
1502 1606 1585 1649 ta·-

159 1687 285 1725 cere
322 1689 742 1748 perseverarent
761 1691 782 1743 3
831 1701 863 1724 υ
900 1671 1111 1732 Nescio
1149 1669 1284 1749 quid
1315 1712 1331 1740 ‚
1377 1671 1583 1748 inquit,

4 1821 6 1827 ‚
157 1776 192 1801 ω
219 1749 540 1828 imprudens
561 1753 615 1810 in
638 1774 739 1811 vos
765 1750 1005 1834 deliqui,
1035 1752 1191 1834 quod
1212 1773 1298 1811 me
1320 1773 1387 1810 ne
1409 1752 1588 1812 intue-

0 1886 9 1917 i:
160 1859 195 1883 :a
222 1833 268 1889 ri
299 1832 524 1910 quidem
552 1833 762 1893 vultis!
799 1837 856 1895 in
892 1835 1185 1895 solitudine
1223 1834 1355 1892 mihi
1392 1832 1588 1897 vident

0 1914 9 1939 ³
162 1941 195 1966 ω
225 1934 360 1971 esse.
385 1914 572 1974 Nemo
600 1916 943 1995 respondet3
982 1939 1145 1975 nemo
1169 1914 1359 1974 saltem
1398 1935 1586 1995 negat.
1617 1913 1639 1938 ²

163 2023 196 2049 ω
225 1995 387 2066 Quos
425 1995 732 2076 alloquor?
775 1998 908 2078 quid
939 2019 1124 2056 autern
1162 1995 1432 2077 postulo?
1467 1996 1589 2057 ves—

162 2105 196 2129 :0
224 2095 367 2134 tram
392 2077 627 2156 gloriam
660 2083 715 2138 &
750 2080 1186 2160 magnitudinem
1221 2077 1586 2138 vindicamus,

162 2186 197 2210 ω
226 2159 346 2216 Ubi
368 2158 493 2217 sunt
516 2159 631 2228 illi,
667 2183 907 2240 quorum
943 2181 1223 2221 certamen
1260 2160 1428 2239 paulo
1464 2180 1590 2220 ante

164 2268 198 2292 α,
225 2239 339 2297 vidi
365 2240 828 2302 contendentium
855 2287 867 2305 ‚
903 2245 998 2323 qui
1022 2243 1369 2322 potissimum
1395 2241 1589 2302 vulne-

165 2349 198 2373 υ
228 2323 330 2378 rati
356 2322 499 2400 regis
524 2344 727 2401 corpus
756 2322 1120 2403 exciperent?
1151 2321 1401 2380 desertus
1423 2365 1440 2391 ‚
1476 2320 1589 2381 des-

166 2431 199 2454 ιο
227 2403 424 2461 titutus
446 2401 592 2471 sum,
620 2402 864 2462 hostibus
891 2404 1134 2464 deditus·
1155 2402 1269 2462 Sed
1288 2400 1434 2462 solus
1455 2426 1592 2482 quo·

168 2510 201 2535 :o
232 2506 338 2561 que
375 2483 452 2541 ire
495 2484 885 2562 perseverabo,
930 2486 1182 2565 Objicite
1220 2506 1307 2542 me
1347 2482 1589 2544 flumini-

172 2593 205 2617 ω
235 2566 337 2622 bus
363 2607 380 2632 ‚
424 2567 483 2623 ὅ(
513 2565 743 2634 belluis,
785 2570 844 2625 ὃ(
883 2567 988 2625 illis
1019 2566 1280 2647 gentibus
1304 2608 1320 2634 ,
1359 2587 1588 2645 quarum

173 2673 206 2698 π
235 2651 456 2706 nomina
493 2647 749 2705 horretis,
790 2645 1079 2709 Inveniam
1117 2649 1212 2727 qui
1253 2646 1530 2705 desertum
1561 2668 1590 2704 a

174 2755 208 2783 ω
237 2727 397 2789 vobis
420 2726 745 2810 sequantur:
770 2730 997 2812 Scythae
1021 2729 1410 2810 BaClrianique
1433 2745 1591 2786 erunt

41 2824 44 2859 ι
65 2853 79 2862 .

42 2866 46 2911 ἱ
