1690 3067
157 99 418 148 LJVRE
454 98 560 146 IX.
603 97 1060 147 CHAPITRE
1097 97 1193 151 VJ.
1315 95 1409 159 453

10 219 16 236 .
39 204 198 266 posse
226 184 477 241 cessare?
510 180 638 262 Ego
669 204 805 242 vero
832 204 942 241 non
966 181 1173 253 deer0,
1210 185 1268 242 &
1292 183 1415 241 ubi·

11 299 19 319 ‚
45 286 284 344 cumque
314 264 582 343 pugnabo
604 307 620 333 ‚
650 269 704 324 in
728 265 951 323 theatro
974 285 1241 324 terrarum
1267 265 1417 323 orbis

11 383 18 399 »
41 369 154 407 esse
177 368 263 404 me
299 344 543 405 credam.
576 345 749 405 Dabo
772 345 1122 406 nobilitatem
1144 347 1413 427 ignobili-

11 431 139 490 ·bus
175 427 347 487 locis:
380 433 621 505 aperiam
658 430 869 488 cunctis
901 428 1164 508 gentibus
1201 426 1372 487 terras
1395 471 1411 498 ‚

12 547 16 558 .
41 533 176 591 quas
206 531 398 569 natura
422 510 592 590 longe
615 508 997 571 submoverat.
1028 508 1098 568 In
1122 510 1202 570 his
1227 511 1412 588 operi-

38 592 141 651 bus
163 591 433 671 exstingui
458 614 543 650 me
562 635 577 660 ‚
601 594 646 652 si
667 591 781 651 fors
803 594 878 652 ita
903 590 1045 652 feret
1064 635 1082 661 ,
1113 591 1411 672 pulchrum

40 673 114 734 est
140 695 152 732 ι
189 697 249 733 ea
276 673 440 752 stirpe
469 672 584 732 sum
608 676 860 754 genitu8‚
884 694 947 734 ut
966 674 1197 733 multam
1221 674 1372 753 prius
1391 715 1408 742 ‚

35 778 200 836 quam
231 756 458 835 longam
484 758 654 816 vitam
688 756 924 817 debeam
960 776 1175 836 optare.
1214 755 1411 815 Obse-

35 860 132 900 cro
166 860 268 897 vos
288 881 303 906 ,
353 839 599 917 cogitate
626 860 727 898 nos
762 840 1079 919 pervenisse
1114 840 1167 895 in
1193 857 1367 896 terras
1391 879 1409 905 ,

33 920 236 1000 quibus
282 917 500 978 feminae
550 921 625 979 ob
671 922 940 982 virtutem
981 920 1406 979 celeberrimum

36 1022 241 1060 nomen
274 999 368 1060 est.
400 1001 554 1073 Quas
581 1002 747 1061 urbes
768 1003 1081 1061 Semiramis
1107 997 1410 1060 condidit?

31 1083 188 1156 Quas
219 1102 413 1161 gentes
447 1083 665 1163 redegit
699 1085 752 1141 in
792 1082 1166 1163 potestatem?
1199 1102 1408 1162 quanta

36 1186 204 1245 opera
226 1164 421 1223 molita
444 1164 517 1222 est
542 1167 559 1222 ξ
597 1165 847 1224 nondum
875 1162 1131 1223 feminam
1159 1165 1407 1244 aequavi·

38 1267 158 1304 mus
190 1245 366 1326 gloria
386 1289 404 1315 ,
439 1249 627 1326 &jam
651 1267 753 1306 nos
773 1246 950 1305 laudis
971 1244 1186 1305 satietas
1210 1242 1407 1323 cepit?

30 1326 128 1386 Dii
156 1326 381 1388 faveant
405 1371 420 1397 ,
459 1332 670 1407 majora
699 1327 878 1388 adhuc
919 1326 1140 1386 restant.
1180 1326 1295 1386 Sed
1326 1329 1403 1386 ita

31 1408 212 1470 nostra
242 1428 406 1469 erunt
428 1452 443 1479 ,
477 1431 602 1490 quae
624 1409 876 1468 nondum
909 1411 1229 1491 attigimus3
1253 1410 1296 1468 si
1317 1411 1404 1468 ni-

32 1491 109 1552 hil
130 1513 366 1571 parvum
402 1491 760 1557 duxerimus,
795 1495 850 1551 in
877 1513 990 1573 quo
1016 1515 1101 1552 ma
1148 1513 1231 1551 nae
1271 1493 1404 1572 glo-

27 1575 118 1632 riae
145 1573 304 1632 locus
324 1572 419 1634 est.
445 1573 558 1634 Vos
584 1575 755 1635 modo
779 1597 866 1634 me
890 1576 960 1634 ab
985 1516 1236 1634 intefiina
1253 1574 1403 1635 frau-

31 1655 99 1715 de
123 1700 137 1725 ,
174 1659 231 1715 &
266 1654 699 1716 domesticorum
731 1657 936 1717 insidiis
961 1656 1212 1737 praestate
1242 1655 1400 1717 secu-

28 1759 187 1797 rum:
230 1738 363 1798 belli
401 1739 714 1818 Martisque
752 1738 1045 1798 discrimen
1085 1738 1399 1819 impavidus

28 1819 246 1879 subibo,
286 1821 571 1900 Philippus
612 1823 669 1879 in
710 1826 827 1881 acie
870 1827 1048 1881 tutior
1073 1865 1090 1890 ‚
1135 1843 1301 1902 quam
1340 1823 1397 1885 in

29 1903 250 1961 theatro
281 1900 425 1962 fuit:
471 1901 711 1961 hostium
749 1924 943 1962 manus
981 1901 1122 1982 saepe
1160 1904 1401 1978 vitavit3

23 1982 248 2043 suorum
277 1984 524 2065 effugere
556 2005 670 2043 non
708 1986 901 2045 valuit.
937 1985 1202 2043 Aliorum
1239 2007 1396 2064 quo-

26 2087 134 2145 que
159 2088 355 2147 regum
380 2071 559 2126 exitus
585 2108 600 2133 ‚
632 2066 676 2124 si
699 2067 1090 2145 reputaveritis
1109 2108 1126 2134 ,
1153 2065 1341 2145 plures
1366 2089 1396 2127 a

26 2145 128 2208 suis
148 2190 165 2218 ,
203 2170 370 2227 quam
392 2148 461 2207 ab
487 2146 640 2208 hoste
664 2147 989 2208 interemtos
1014 2148 1395 2208 numerabitis·

28 2229 299 2289 Ceterum
324 2231 587 2309 quoniam
612 2228 747 2289 olim
772 2231 849 2288 rei
874 2234 1096 2311 agitatae
1121 2234 1178 2290 in
1206 2231 1392 2290 animo

21 2333 145 2372 meo
169 2332 316 2370 nunc
342 2309 666 2391 promendae
693 2312 915 2372 occasio
938 2312 1128 2371 oblata
1152 2309 1227 2372 est
1249 2334 1267 2385 3
1293 2314 1396 2369 mi-

14 2393 75 2453 ‘hi
99 2393 369 2453 maximus
392 2393 650 2452 laborum
675 2414 843 2473 atque
869 2415 1103 2474 operum
1137 2414 1392 2452 meorum

22 2474 124 2533 erit
147 2472 355 2533 studius
375 2517 393 2543 ,
431 2476 475 2533 si
516 2474 814 2556 Olympias
845 2495 1020 2534 mater
1053 2473 1389 2535 immortali-

0 2560 122 2615 tati
156 2576 515 2615 consecretur
534 2599 552 2625 ,
591 2556 1063 2636 quandocumque
1090 2557 1393 2616 excesserit

19 2637 150 2699 vita.
189 2639 248 2696 Si
281 2637 497 2696 licuerit
519 2681 535 2706 ‚
570 2638 688 2717 ipse
715 2636 988 2717 praestabo
1033 2639 1179 2697 hoc:
1221 2638 1266 2696 si
1303 2659 1393 2696 me

0 2721 342 2801 :praeceperit
365 2717 582 2792 fatum5
617 2740 718 2782 vos
752 2720 1042 2781 mandasse
1069 2737 1392 2790 memento-

1097 2819 1222 2873 viv
