1690 3067
194 89 635 161 LJVREXVJJ.
676 92 1141 147 CHAPITRE
1188 100 1231 149 J.
1353 107 1442 171 195

21 172 187 231 -licio
236 172 408 250 magis
453 194 614 253 quam
675 177 887 236 crimini
936 177 1115 240 fuerat
1170 207 1444 250 exemtus,

21 194 171 312 {ium
229 275 453 333 quoque
510 256 798 336 Antipatri
846 257 1020 319 soceri
1076 266 1191 341 ejus
1252 291 1448 348 preces

22 333 214 413 justam
259 340 401 415 regis
442 337 577 396 iram
623 341 1000 401 morabantur.
1045 343 1312 406 Ceterum
1360 374 1446 412 re-

22 415 243 478 cruduit
275 415 564 495 soporatus
602 418 786 480 dolor.
834 423 1062 504 Quippe
1096 431 1299 488 veteris
1342 454 1447 510 pe-

20 497 180 556 riculi
223 503 544 559 memoriam
592 505 879 579 praesentis
934 527 1065 566 cura
1114 513 1443 576 renovabat.

18 575 200 656 Igitur
235 579 561 640 Alexander
597 604 664 641 ex
707 582 952 646 custodia
991 587 1293 662 educitur3
1330 595 1446 671 jus-

21 657 218 738 susque
266 659 449 720 dicere
482 704 498 731 ,
547 684 711 742 quam
755 684 882 726 toto
922 672 1161 730 triennio
1205 675 1445 736 medita-

23 758 113 798 tus
158 760 273 802 erat
315 740 694 806 defensionem
726 788 743 816 ‚
787 747 1043 810 haesitans
1091 756 1148 812 ὃς
1189 757 1441 836 trepidus

14 841 184 902 pauca
212 825 367 882 exiis
387 868 402 893 ‚
441 847 564 906 quae
593 849 985 908 composuerat
1010 877 1025 895 ‚
1059 836 1332 912 protulit:
1368 841 1440 900 ad

19 901 270 963 ultimum
291 927 401 964 non
433 911 699 969 memoria
730 909 939 980 solum,
966 911 1060 972 sed
1095 918 1258 979 etiam
1283 942 1442 982 mens

20 1005 140 1045 eum
167 983 431 1046 destituit.
468 989 628 1046 Nulli
652 1012 768 1050 erat
800 991 1031 1054 dubium
1052 1038 1067 1063 ,
1106 999 1237 1076 quin
1264 1004 1443 1082 trepi-

0 1063 168 1122 idatio
194 1071 546 1129 conscientiae
577 1072 840 1131 indicium
873 1094 1016 1133 esset
1037 1121 1052 1144 ,
1091 1099 1201 1137 non
1229 1103 1439 1144 memo*

0 1130 106 1206 iriae
130 1147 345 1207 vitium.
382 1149 583 1229 Itaque
609 1174 677 1209 ex
707 1157 770 1211 iis
795 1196 809 1220 ,
848 1157 942 1233 qui
979 1165 1230 1235 proxime
1266 1164 1436 1223 adsti-

27 1247 188 1286 :erant
222 1270 239 1296 ,
281 1230 658 1291 obluctantem
698 1233 879 1294 adhuc
918 1238 1191 1301 oblivioni
1230 1245 1435 1308 lanceis

30 1306 402 1371 :onfoderunt.
438 1312 617 1391 Cujus
651 1336 888 1394 corpore
921 1317 1136 1380 sublato
1160 1367 1177 1393 ,
1213 1346 1309 1383 rex
1344 1333 1430 1384 in-

36 1386 205 1444 roduci
229 1393 382 1468 jussit
417 1397 696 1450 Aminmm
725 1396 788 1453 &w
811 1401 1035 1456 Simiam
1057 1429 1073 1458 .·
1108 1407 1430 1469 nam-pole«

34 1490 136 1527 non
156 1512 170 1538 ‚
199 1474 450 1534 minimus
476 1497 543 1535 ex
568 1473 855 1548 fratribu3‚
884 1502 1015 1543 cum
1034 1484 1292 1548 Philotan
1311 1510 1430 1560 tor-⁴

37 1552 162 1629 lueri
194 1557 555 1634 comperisset
577 1600 592 1625 ,
629 1558 974 1640 profugerat.

0 1640 12 1673 Γ
89 1632 356 1695 Omnium
377 1637 610 1696 Philotae
631 1642 934 1703 amicorum
952 1645 1005 1702 hi
1028 1647 1290 1710 carissimi
1307 1650 1426 1714 fue-³

0 1734 7 1775 ,·
42 1732 160 1772 ant:
197 1715 264 1774 ad
301 1739 498 1798 magna
535 1723 593 1778 ὅς
616 1722 884 1783 honorata
913 1725 1200 1788 ministeria
1222 1774 1238 1799 ,
1276 1733 1423 1795 illius

45 1799 235 1856 iaxime
277 1796 665 1881 suffragatione
710 1805 966 1882 producti
1002 1829 1015 1864 :
1065 1813 1421 1875 meminerat-

51 1895 113 1945 ue
136 1898 229 1935 rex
250 1922 265 1948 ,
299 1878 509 1939 summo
531 1879 711 1941 studio
738 1886 806 1943 ab
833 1908 901 1945 eo
928 1890 1255 1952 conciliatos
1277 1898 1416 1969 sibi3

50 1975 106 2013 ee
127 1956 453 2028 dubitabat3
497 1991 528 2013 ιο
556 1963 717 2039 hujus
743 1987 969 2047 quoque
996 1970 1173 2031 ultimi
1202 1978 1419 2040 consilii

65 2033 217 2094 fuisse
257 2042 571 2119 participes.
615 2044 797 2122 Igitur
819 2091 834 2116 ,
876 2048 1008 2108 olim
1038 2074 1156 2112 esse
1184 2056 1284 2116 sibi
1306 2057 1416 2118 sus-

69 2117 250 2196 ped'ros
295 2123 479 2179 matris
519 2122 624 2183 suae
662 2128 832 2187 literis
858 2172 872 2196 ‚
910 2132 1110 2210 quibus
1147 2158 1290 2196 esset
1317 2141 1414 2200 ad-

1 2219 27 2263 as
63 2203 332 2268 monitus,
366 2221 428 2260 ut
459 2205 526 2262 ab
563 2205 644 2263 his
681 2207 910 2269 salutem
949 2211 1098 2274 suam
1138 2236 1410 2283 tueretur.

0 2297 35 2335 im
65 2273 323 2338 Ceterum
365 2281 416 2342 se
453 2287 688 2348 invitum
731 2288 1006 2353 deteriora
1041 2297 1361 2362 credentem
1383 2347 1408 2375 ,

0 2361 38 2424 ³¹³5,
64 2375 201 2418 nunc
226 2362 516 2423 manifestis
543 2368 758 2428 indiciis
785 2374 989 2435 vi6³cum
1011 2419 1026 2443 ,
1053 2380 1268 2454 jussisse
1292 2386 1408 2444 vin-

0 2434 169 2514 1figiti.
195 2440 340 2502 Nam
371 2445 545 2522 pridie
582 2471 747 2528 quam
789 2452 1147 2535 detegeretur
1170 2462 1408 2528 Philotae

0 2514 261 2599 {{}.³“celu8‚
303 2528 432 2602 quin
469 2528 520 2584 in
557 2528 770 2591 secreto
809 2557 937 2595 cum
973 2539 1094 2616 ipso
1130 2540 1402 2621 fuissent,

0 2598 162 2683 {finon
187 2622 348 2679 posse
374 2605 629 2668 dubitari.
660 2611 914 2674 Fratrem
939 2641 1073 2679 vero
1089 2663 1105 2690 ‚
1144 2627 1240 2703 qui
1272 2649 1407 2706 pro-

0 2686 64 2740 105³
82 2685 254 2767 ugerit
270 2727 287 2758 ,
310 2708 433 2752 curn
447 2688 694 2766 Philotas
717 2714 1098 2782 torqueretur,
1125 2713 1403 2781 aperuisse

1119 2798 1253 2869 lij‘

10 2118 28 2147 'A

0 2143 28 2198 ’ζμ
