1690 3067
226 73 325 135 468
503 67 1470 145 QUINTE-CURCE,'

225 161 420 221 Persas
444 183 633 224 vetere
657 163 794 223 luxu
811 208 828 234 ,
850 184 947 223 aut
971 165 1123 246 apud
1152 166 1491 226 Macedonas
1517 186 1649 225 nova

227 264 617 323 immutatione
651 284 980 344 corruptum
1005 284 1123 324 erat
1142 309 1157 335 ,
1194 263 1437 325 confusis
1470 262 1651 325 utriuss

226 382 338 441 que
364 364 546 442 gentis
573 365 718 425 vitiis
740 366 795 422 in
819 363 919 422 illo
945 366 1210 425 convivio
1237 363 1551 425 ostendens,

308 478 590 541 Intererat
609 480 788 561 epulis
809 479 1134 561 Dioxippus
1149 479 1511 541 Atheniensis
1527 523 1544 553 ,
1566 502 1660 563 pum·

229 579 310 661 gil
337 580 539 640 nobilis
562 624 578 651 ,
619 585 677 641 &
701 580 775 640 ob
799 581 1053 640 eximiam
1077 582 1340 641 virtutem
1365 582 1566 643 virium
1589 590 1656 643 re·

229 681 290 761 gi
312 700 581 760 pernotus
604 684 660 740 δέ
683 700 896 761 gratus·
916 678 1106 739 Invidi
1125 678 1463 759 malignique
1484 680 1656 741 incre-

228 781 442 860 pabant
466 801 565 860 per
590 776 723 839 seria
749 782 807 839 &
834 777 1031 839 ludum
1055 821 1072 849 ‚
1094 779 1335 859 saginati
1352 781 1576 860 corporis
1588 777 1657 856 se-

231 881 326 957 qui
361 881 598 936 inutilem
633 879 882 939 belluam.
914 884 1051 936 Cum
1077 880 1176 960 ipsi
1190 880 1418 961 proelium
1446 880 1658 945 inirent,

229 979 333 1033 eleo
365 976 661 1035 madentem
677 996 959 1060 praeparare
981 996 1220 1034 ventrem
1244 980 1423 1060 epulis.
1454 977 1660 1039 Eadem

223 1077 398 1156 igitur
420 1077 473 1136 in
495 1079 759 1141 convivio
784 1079 1061 1138 Hortatas
1080 1076 1327 1139 Macedo
1351 1079 1459 1157 jam
1483 1096 1660 1137 temu-

226 1174 414 1237 lentus
446 1177 787 1258 exprobrare
832 1181 881 1239 ei
915 1179 1131 1258 coepit3
1171 1179 1229 1236 &
1256 1174 1534 1256 postulare
1555 1219 1571 1247 ,
1612 1194 1662 1234 ut

226 1278 274 1332 si
295 1278 387 1332 vir
413 1295 531 1333 esset
548 1322 564 1342 ,
585 1278 765 1358 postero
789 1278 870 1335 die
881 1278 1055 1355 secum
1068 1278 1213 1353 ferro
1238 1275 1529 1332 decerneret
1549 1299 1664 1334 :are-

219 1397 342 1457 gem
366 1375 577 1432 tandem
617 1380 704 1433 vel
736 1376 800 1433 de
825 1376 928 1453 sna
962 1379 1247 1433 temeritate
1266 1419 1283 1446 ,
1327 1377 1415 1432 vel
1440 1373 1503 1431 de
1527 1377 1662 1434 illius

224 1477 452 1555 ignavia
468 1475 863 1547 judicaturum.
884 1477 961 1538 Et
987 1500 1016 1537 a
1037 1475 1333 1557 Dioxippo
1358 1477 1660 1536 contentim

222 1575 521 1635 militarem
554 1576 818 1638 eludente
853 1576 1120 1637 ferociam
1156 1595 1387 1657 accepta
1414 1575 1663 1637 conditio

226 1674 324 1735 est.
358 1675 452 1736 Ac
479 1674 704 1756 postero
729 1677 818 1737 die
845 1699 943 1737 rex
961 1722 977 1746 ‚
1005 1699 1133 1737 cum
1161 1678 1325 1750 etiarn
1351 1679 1528 1738 acrius
1554 1687 1663 1736 cer·
1688 1725 1690 1738 .

223 1795 413 1835 tamen
440 1796 846 1856 exposcerent,
888 1777 1016 1858 quia
1054 1775 1337 1837 deterrere
1364 1798 1477 1836 non
1509 1795 1662 1857 pote-

226 1895 311 1934 rat
343 1919 359 1939 ,
407 1873 673 1936 destinata
712 1881 916 1958 exequi
959 1896 1150 1955 passus
1195 1876 1291 1936 est.
1331 1875 1539 1958 Ingens
1574 1876 1658 1934 hic

224 1976 463 2034 militum
486 2019 500 2044 ,
531 1976 673 2034 inter
698 1996 839 2055 quos
866 1995 1022 2036 erant
1055 1978 1245 2036 Graeci
1260 2021 1276 2047 ‚
1310 1979 1403 2057 qui
1431 1976 1660 2055 Dioxip-

222 2097 302 2156 po
328 2073 626 2134 studebant
647 2118 664 2145 ,
693 2096 1036 2137 convenerat
1062 2075 1389 2137 multitudo.
1421 2074 1660 2135 Macedo

223 2172 363 2254 justa
388 2195 537 2235 arma
562 2173 867 2248 sumserat3
895 2196 1096 2236 aereum
1120 2174 1384 2257 clypeum
1402 2219 1417 2238 ‚
1438 2172 1655 2242 hastam,

224 2295 396 2353 quam
427 2271 686 2349 sarissam
720 2294 972 2344 vocant,
1013 2274 1153 2337 laeva
1188 2294 1421 2344 tenenS‚
1464 2273 1664 2333 dextra

223 2372 474 2432 lanceam
498 2392 510 2429 ε
541 2371 845 2454 gladioque
875 2375 1086 2434 cincius
1109 2417 1125 2443 ,
1155 2374 1311 2435 velut
1336 2395 1465 2432 cum
1488 2374 1653 2452 pluri-

224 2472 332 2531 bus
355 2470 517 2531 simul
541 2471 922 2533 dimicaturuS.
947 2473 1274 2554 Dioxippus
1298 2470 1427 2531 oleo
1452 2475 1624 2530 nitens
1637 2509 1655 2538 ,

225 2576 285 2631 δε
309 2591 611 2633 coronatus
628 2616 645 2642 ,
678 2572 817 2634 laeva
844 2577 1143 2653 puniceum
1168 2572 1466 2631 amiculum
1488 2613 1503 2637 ,
1529 2568 1661 2642 dexff

222 2693 304 2732 tra
331 2672 577 2734 validum
614 2669 1008 2756 nodosumque
1033 2670 1273 2755 stipitem
1308 2668 1650 2754 praeferebat.-
