1690 3067
233 84 494 136 LIVRE
530 80 1215 137 XCHAPITREJJ.
1364 93 1452 147 511

18 170 368 250 cumspicere
400 186 650 249 coeperat
683 189 702 239 3
753 173 811 228 &
855 169 1270 238 Atheniense8‚
1317 191 1460 250 quo-

29 274 151 312 rum
177 274 289 311 non
315 251 786 311 contemnendam
810 253 1123 331 potentiam
1151 294 1167 320 ,
1207 254 1266 310 &
1306 252 1458 331 apud

20 354 248 394 ceteros
287 335 520 393 Graecos
554 335 943 395 audioritatem
965 376 981 402 ‚
1018 352 1141 394 tum
1168 333 1458 394 occultum

29 417 84 474 in
111 415 456 475 Macedonas
482 415 674 474 odium
713 436 874 476 norat
896 459 914 485 ‚
953 414 1150 475 sedulo
1181 415 1454 475 coluerat.

27 495 229 578 fftaque
257 496 407 579 spem
433 497 539 558 suis
565 497 833 567 faciebat,
862 496 1195 555 Athenienses
1221 496 1458 553 adventii

31 578 113 651 (no
142 583 336 659 cognito
357 623 375 649 ,
410 581 661 659 copiisque
697 579 762 636 (ὅ
794 580 1029 660 pecuniis
1064 599 1193 657 quas
1219 575 1458 634 adduce-

31 678 98 717 ret
126 682 297 717 comm
323 662 551 741 inspeelis
569 704 583 731 ‚
601 663 832 741 protinus
857 682 1017 718 arma
1046 661 1359 738 consiliaque
1371 660 1456 734 so-

31 744 243 800 viaturos
266 763 384 802 esse.
404 742 552 802 Nam
579 742 728 822 apud
754 742 1029 824 populum
1052 741 1370 822 imperitum
1396 745 1456 801 &

31 823 331 894 mobilem,
369 845 470 904 per
508 825 760 884 homines
795 824 1086 904 improbos
1124 828 1185 885 &
1224 824 1454 884 avaritia

29 905 248 969 venales
272 950 288 976 ,
338 907 523 967 omnia
559 905 612 966 se
651 908 974 968 muneribus
1016 924 1457 966 consecuturum

32 987 394 1048 existimabat.
446 987 631 1068 Igitur
666 989 895 1069 triginta
939 988 1176 1048 navibus
1221 987 1457 1046 Sunium

33 1071 433 1130 transmittunt.
476 1071 937 1132 Promontorium
975 1068 1052 1130 est
1091 1070 1308 1129 Atticae
1344 1088 1457 1128 ter·

33 1173 103 1211 rae
119 1195 135 1222 ‚
163 1151 311 1212 unde
333 1170 561 1230 portum
586 1151 737 1211 urbis
761 1171 953 1230 petere
975 1151 1363 1213 decreverant.
1383 1154 1412 1225 ]

57 1280 60 1281 ν
118 1234 225 1294 CA
245 1252 301 1294 P.
336 1232 368 1291 I
388 1231 438 1292 I.
476 1234 583 1293 His
610 1235 851 1313 cognitis
875 1255 973 1293 rex
993 1233 1250 1314 Harpalo
1275 1231 1455 1307 Athe-

33 1314 419 1395 niensibusque
443 1317 600 1394 juxta
624 1313 849 1374 infestus
875 1315 1105 1375 classem
1142 1316 1324 1396 parari
1356 1317 1450 1394 ju-

32 1397 123 1458 bet
145 1421 163 1472 3
199 1397 452 1457 Athenas
474 1396 726 1476 protinus
749 1398 1046 1476 petiturus,
1075 1395 1254 1471 Quod
1277 1397 1453 1458 consi·

32 1479 160 1538 lium
197 1480 332 1539 dum
365 1480 538 1559 agitat
573 1477 716 1538 clam
742 1521 760 1549 ‚
803 1478 981 1540 literae
1018 1480 1070 1539 ei
1100 1478 1411 1541 redduntur
1431 1501 1452 1553 3

30 1562 347 1641 Harpalum
395 1564 606 1616 intrasse
645 1558 865 1639 quidem,
892 1560 1127 1618 Athenas
1163 1606 1180 1634 ‚
1220 1563 1448 1642 pecunia

32 1644 320 1701 concilinsse
350 1640 448 1698 sibi
469 1644 771 1724 principum
800 1643 1001 1701 animos
1022 1666 1038 1699 :
1074 1665 1193 1699 mox
1236 1645 1446 1700 concilio

21 1722 181 1782 ‘vlehis
214 1721 386 1780 habito
416 1728 619 1796 jussum
661 1722 788 1782 urbe
826 1722 1104 1795 excedere,
1140 1722 1213 1781 nd
1251 1729 1448 1782 Graecos

29 1807 212 1862 milites
238 1808 530 1887 pervenisse
551 1850 568 1870 ,
608 1826 641 1863 a
666 1803 848 1885 quibus
874 1810 1212 1888 interceptum
1242 1806 1306 1863 ὠ
1328 1824 1446 1863 tru-

31 1885 262 1945 cidatum
285 1909 318 1945 a
351 1885 578 1966 quodam
603 1890 809 1943 viatore
838 1905 930 1966 per
954 1887 1193 1948 insidias.
1227 1889 1333 1947 His
1355 1888 1449 1949 lae-

31 1988 114 2030 tus
144 1971 200 2028 in
224 1970 510 2049 Europam
541 1970 852 2048 trajiciendi
883 1969 1177 2030 consilium
1216 1972 1401 2029 omisit
1431 1990 1448 2029 ε

18 2049 117 2112 'sed
148 2051 337 2112 exules
361 2072 563 2130 praeter
593 2074 724 2122 eos,
763 2053 860 2132 qui
890 2051 1039 2113 civili
1071 2051 1332 2132 sanguine
1369 2050 1450 2112 as-

22 2134 171 2213 persi
199 2152 352 2192 erant
373 2175 388 2201 ,
407 2136 599 2212 :recipi
623 2134 691 2192 ab
719 2133 975 2193 omnibus
1005 2135 1336 2193 Graecorum
1365 2135 1449 2194 ci-

32 2215 296 2276 vitatibus
323 2258 336 2281 ‚
376 2216 577 2293 quibus
599 2216 744 2295 pulsi
766 2235 922 2275 erant
945 2218 1121 2294 jussit.
1150 2217 1226 2275 Et
1261 2217 1448 2276 Graeci

32 2296 173 2357 haud
199 2298 312 2355 ausi
335 2297 627 2375 imperium
651 2300 967 2376 aspernari,
994 2319 1311 2379 quanquam
1337 2297 1448 2357 sol-

32 2378 332 2440 vendarum
373 2377 561 2459 legum
611 2378 670 2438 id
715 2382 1051 2460 principium
1088 2402 1204 2440 esse
1246 2401 1445 2438 cense-

21 2460 159 2520 bant
182 2482 199 2530 3
230 2460 378 2520 bona
404 2482 634 2541 quoque
655 2464 684 2530 ,’
708 2483 835 2541 quae
859 2480 1113 2522 extarent
1136 2506 1153 2531 ,
1195 2461 1447 2520 restitue-

5 2555 79 2600 ire
115 2540 404 2601 damnatis.
434 2543 554 2602 Soli
587 2543 999 2613 Athenienses,
1036 2565 1150 2602 non
1185 2541 1292 2601 suae
1327 2565 1445 2602 mo·

33 2621 96 2680 io
114 2666 129 2690 ‚
155 2622 250 2682 secl
275 2628 441 2683 etiarn
460 2624 701 2703 publicae
724 2625 973 2686 vindices
996 2626 1268 2687 libertatis
1291 2668 1306 2694 ,
1329 2625 1445 2684 col-

0 2706 303 2773 puvionem
332 2706 619 2767 hominum
635 2749 654 2780 ,
688 2713 816 2790 quia
845 2730 991 2791 aegre
1015 2706 1273 2769 ferebant
1290 2750 1304 2776 ,
1329 2729 1442 2766 non

1173 2807 1212 2855 Y
1232 2807 1281 2857 iv
