1690 3067
175 94 438 151 {IVRE
473 96 611 151 VM⁴⁴
653 94 1113 150 CHAPJTRE
1150 100 1251 153 JV.
1364 107 1456 166 ω,

43 182 236 255 dium,
274 206 421 244 nunc
456 185 513 242 in
546 184 741 243 ultimo
779 191 997 264 agmine
1035 189 1242 246 itineris
1268 186 1463 245 multi·—

41 267 249 347 plicato
297 266 490 325 labore
541 266 750 326 aderat.
798 267 1054 326 Tandem
1103 268 1172 326 ad
1222 268 1459 328 cultiora

42 367 371 429 perventum
396 348 518 408 loca
545 347 620 407 est
645 392 662 418 ,
709 369 1138 443 commeatuque
1176 348 1332 429 largo
1368 371 1459 409 re—

42 450 259 489 creatus
293 434 603 490 exercitus:
644 429 887 490 simul&
915 433 1010 511 qui
1044 433 1315 509 consequi
1344 453 1458 489 non
1533 485 1546 491 Ξ

23 530 376 592 potuerant,
416 513 470 569 in
506 513 596 571 illa
631 511 801 572 castra
841 531 1133 572 venerunt
1172 511 1314 570 Inde
1358 536 1459 592 ag-

40 615 166 652 men
201 595 470 671 processit
503 594 571 653 ad
611 594 924 653 Caucasum
963 614 1210 653 montem
1240 637 1256 663 ,
1299 597 1458 685 cujus

40 674 268 733 dorsum
295 675 493 735 Asiam
516 696 792 755 perpetuo
817 679 951 755 jugo
978 674 1211 735 dividit:
1239 677 1365 734 hinc
1390 676 1458 732 si-²

40 755 167 814 mul
188 778 372 825 mare,
411 756 566 838 quod
606 757 861 817 Ciliciam
901 757 1084 828 subit,
1120 758 1270 816 illinc
1314 756 1460 815 Cas-a

41 837 192 930 pium
217 835 464 908 fretum,
503 843 560 900 &
593 862 807 898 amnem
837 838 1102 907 Araxen,
1137 839 1351 918 aliaque
1377 859 1460 897 re-

40 940 92 998 g}
83 920 217 976 onis
247 921 492 999 Scythiae
526 920 745 980 deserta
768 918 993 1000 spefiat.
1021 918 1240 979 Taurus
1265 919 1461 979 secun-

39 999 125 1059 dae
159 1001 553 1079 magnitudinis
578 1023 734 1061 mons
762 1001 1131 1060 committitur
1161 1002 1455 1070 CaucaSO,

39 1104 68 1140 a
110 1081 472 1159 Cappadocia
505 1082 557 1143 se
589 1082 848 1141 attollens
884 1082 1139 1141 Ciliciam
1173 1084 1460 1161 praeterit,

40 1162 437 1255 Armeniaeque
476 1164 760 1222 montibus
793 1164 1062 1243 jungitur.
1096 1164 1191 1222 Sic
1227 1165 1373 1223 inter
1404 1162 1461 1222 se

40 1263 126 1302 tot
147 1247 277 1321 juga
305 1244 461 1303 velut
483 1244 615 1304 serie
638 1246 972 1304 cohaerentia
997 1265 1334 1324 perpetuum
1357 1247 1460 1304 ha-

84 1344 174 1384 ent
200 1324 428 1384 dorsum
452 1369 465 1394 ‚
509 1350 577 1387 ex
608 1348 722 1406 quo
745 1326 900 1385 Asiae
926 1329 1111 1386 omnia
1139 1325 1253 1386 fere
1278 1326 1459 1387 flumin

13 1427 144 1481 ,na,
186 1406 286 1464 alia
312 1408 365 1465 in
394 1407 690 1477 Rubrum,
734 1407 837 1467 alia
873 1410 928 1466 in
967 1408 1234 1487 Caspium
1262 1431 1408 1468 mare
1438 1451 1458 1477 ,

38 1488 175 1547 alia
164 1509 219 1546 1n
244 1488 575 1570 Hyrcanum
600 1493 657 1549 ὃ(
674 1452 975 1549 'Ponticum
1001 1489 1289 1549 decidunt.
1315 1509 1460 1549 xva

27 1568 250 1629 dierum
273 1562 447 1649 spatio
489 1571 805 1631 Caucasum
836 1571 1115 1651 superavit
1157 1573 1458 1632 exercitus-

37 1649 267 1730 Rupes
254 1674 308 1713 1n
337 1675 403 1711 eo
438 1675 474 1712 x
509 1658 564 1713 in
601 1654 896 1712 circumitu
930 1651 1100 1713 stadia
1135 1653 1458 1734 complecti-

38 1751 164 1801 tur,
202 1755 443 1813 quatuor
473 1736 527 1793 in
559 1734 910 1794 altitudinem
949 1733 1215 1804 excedit,
1257 1737 1312 1794 in
1348 1756 1458 1815 qua

39 1817 286 1875 vinctum
325 1816 656 1877 Promethea
706 1815 872 1878 fuisse
924 1818 1223 1913 antiquitas
1264 1818 1459 1878 tradit.

45 1896 405 1957 Condendae
395 1920 447 1956 m
471 1898 749 1959 radicibus
774 1900 978 1958 montis
998 1898 1124 1958 urbi
1144 1896 1296 1959 sedes
1318 1899 1459 1958 elec-2

41 1995 95 2037 ta
120 1976 213 2038 est.
240 1998 338 2039 v11
368 1979 612 2040 millibus
636 1979 912 2040 seniorum
937 1978 1356 2050 Macedonum,
1396 1984 1459 2040 &

42 2079 308 2138 praeterea
345 2061 647 2131 militibus„
681 2083 924 2141 quorum
959 2082 1128 2140 opera
1167 2063 1247 2121 uti
1279 2060 1459 2122 desis-
1527 2119 1531 2122 Ξ

39 2138 150 2209 set,
178 2144 541 2220 permissum,
575 2144 628 2201 in
668 2165 873 2202 novam
909 2143 1104 2201 urbem
1142 2143 1462 2204 considere.‘

39 2220 202 2282 Hanc
225 2234 452 2304 quoque
482 2223 886 2284 Alexandriam
915 2224 1115 2284 incolae
1141 2224 1463 2305 appellave-

45 2323 189 2362 runt.

122 2385 172 2443 C
204 2402 240 2442 A
269 2402 325 2442 P.
361 2383 391 2443 I
412 2358 487 2446 V.
521 2385 605 2446 At
630 2387 866 2455 BessuS,
906 2385 1217 2446 Alexandri
1253 2385 1458 2445 celeri-

41 2482 151 2525 tate
178 2467 538 2544 perterritus,
567 2468 691 2526 Diis
722 2470 910 2547 patriis
934 2466 1201 2527 sacrificio
1223 2470 1326 2528 rite
1346 2467 1456 2546 fac-

42 2564 137 2612 to,
177 2548 318 2605 sicut
352 2547 456 2607 illis
496 2549 757 2629 gentibus
798 2572 917 2609 mos
953 2549 1067 2620 est,
1101 2572 1229 2609 cum
1265 2550 1457 2608 amicis

43 2626 386 2705 ducibusque
436 2631 721 2708 copiarum
764 2636 908 2690 inter
951 2632 1141 2711 epulas
1184 2631 1253 2690 de
1297 2631 1454 2690 bello

1 2724 6 2774 1
42 2708 410 2772 consultabat.
450 2713 665 2774 Graves
695 2734 848 2774 mero
878 2711 998 2774 suas
1032 2718 1176 2776 vires
1208 2712 1474 2777 extolle-⁷

5 2854 8 2883 1
1180 2812 1292 2863 Kiv

6 2897 10 2942 Ι

9 2986 12 3012 l

11 3029 13 3067 Ι
