<?xml version="1.0" encoding="UTF-8"?>
<!DOCTYPE html PUBLIC "-//W3C//DTD XHTML 1.0 Transitional//EN"
    "http://www.w3.org/TR/xhtml1/DTD/xhtml1-transitional.dtd">
<html xmlns="http://www.w3.org/1999/xhtml" xml:lang="en" lang="en">
 <head>
  <title>
</title>
<meta http-equiv="Content-Type" content="text/html;charset=utf-8" />
  <meta name='ocr-system' content='tesseract 3.04.00' />
  <meta name='ocr-capabilities' content='ocr_page ocr_carea ocr_par ocr_line ocrx_word'/>
</head>
<body>
  <div class='ocr_page' id='page_1' title='image "./histoiredalexand02curt_0454.png"; bbox 0 0 1690 3067; ppageno 0'>
   <div class='ocr_carea' id='block_1_1' title="bbox 218 85 1662 1560">
    <p class='ocr_par' dir='ltr' id='par_1_1' title="bbox 218 85 1662 1560">
     <span class='ocr_line' id='line_1_1' title="bbox 221 85 1420 154; baseline 0.003 -20"><span class='ocrx_word' id='word_1_1' title='bbox 221 106 322 147; x_wconf 68' lang='lat'>444</span> <span class='ocrx_word' id='word_1_2' title='bbox 508 85 1420 154; x_wconf 81' lang='lat' dir='ltr'><em>QUINTE-CURCE,</em></span> 
     </span>
     <span class='ocr_line' id='line_1_2' title="bbox 223 172 1642 253; baseline 0.004 -24"><span class='ocrx_word' id='word_1_3' title='bbox 223 172 428 230; x_wconf 83' lang='lat' dir='ltr'>dorum</span> <span class='ocrx_word' id='word_1_4' title='bbox 454 192 651 250; x_wconf 84' lang='lat' dir='ltr'>gentes</span> <span class='ocrx_word' id='word_1_5' title='bbox 682 192 837 231; x_wconf 89' lang='lat' dir='ltr'>erant</span> <span class='ocrx_word' id='word_1_6' title='bbox 862 218 877 244; x_wconf 86' lang='lat'>‚</span> <span class='ocrx_word' id='word_1_7' title='bbox 910 177 967 232; x_wconf 84' lang='lat'>&amp;</span> <span class='ocrx_word' id='word_1_8' title='bbox 992 173 1204 232; x_wconf 90' lang='lat' dir='ltr'>bellum</span> <span class='ocrx_word' id='word_1_9' title='bbox 1229 174 1461 252; x_wconf 80' lang='lat' dir='ltr'>impigre</span> <span class='ocrx_word' id='word_1_10' title='bbox 1492 186 1642 253; x_wconf 56' lang='lat' dir='ltr'>paras</span> 
     </span>
     <span class='ocr_line' id='line_1_3' title="bbox 219 253 1647 334; baseline 0.004 -23"><span class='ocrx_word' id='word_1_11' title='bbox 219 253 398 325; x_wconf 82' lang='lat' dir='ltr'>bant3</span> <span class='ocrx_word' id='word_1_12' title='bbox 443 254 757 334; x_wconf 87' lang='lat' dir='ltr'>ducemque</span> <span class='ocrx_word' id='word_1_13' title='bbox 806 276 874 313; x_wconf 76' lang='lat' dir='ltr'>ex</span> <span class='ocrx_word' id='word_1_14' title='bbox 929 257 1154 314; x_wconf 89' lang='lat' dir='ltr'>natione</span> <span class='ocrx_word' id='word_1_15' title='bbox 1215 255 1647 334; x_wconf 81' lang='lat' dir='ltr'>Oxydracarum</span> 
     </span>
     <span class='ocr_line' id='line_1_4' title="bbox 218 333 1643 417; baseline 0.004 -25"><span class='ocrx_word' id='word_1_16' title='bbox 218 333 480 413; x_wconf 65' lang='lat' dir='ltr'>speciatae</span> <span class='ocrx_word' id='word_1_17' title='bbox 514 337 734 394; x_wconf 86' lang='lat' dir='ltr'>virtutis</span> <span class='ocrx_word' id='word_1_18' title='bbox 773 335 1087 417; x_wconf 78' lang='lat' dir='ltr'>elegerant,</span> <span class='ocrx_word' id='word_1_19' title='bbox 1112 337 1207 416; x_wconf 77' lang='lat' dir='ltr'>qui</span> <span class='ocrx_word' id='word_1_20' title='bbox 1240 335 1340 394; x_wconf 87' lang='lat' dir='ltr'>sub</span> <span class='ocrx_word' id='word_1_21' title='bbox 1373 336 1643 398; x_wconf 71' lang='lat' dir='ltr'>radicibus</span> 
     </span>
     <span class='ocr_line' id='line_1_5' title="bbox 221 416 1642 498; baseline 0.002 -24"><span class='ocrx_word' id='word_1_22' title='bbox 221 418 430 475; x_wconf 86' lang='lat' dir='ltr'>montis</span> <span class='ocrx_word' id='word_1_23' title='bbox 460 416 630 476; x_wconf 88' lang='lat' dir='ltr'>castra</span> <span class='ocrx_word' id='word_1_24' title='bbox 663 416 845 496; x_wconf 85' lang='lat' dir='ltr'>posuit</span> <span class='ocrx_word' id='word_1_25' title='bbox 878 461 892 486; x_wconf 86' lang='lat'>‚</span> <span class='ocrx_word' id='word_1_26' title='bbox 938 418 1162 498; x_wconf 84' lang='lat' dir='ltr'>lateque</span> <span class='ocrx_word' id='word_1_27' title='bbox 1198 419 1392 498; x_wconf 77' lang='lat' dir='ltr'>igneS,</span> <span class='ocrx_word' id='word_1_28' title='bbox 1430 440 1493 477; x_wconf 91' lang='lat' dir='ltr'>ut</span> <span class='ocrx_word' id='word_1_29' title='bbox 1533 417 1642 498; x_wconf 85' lang='lat' dir='ltr'>spe-</span> 
     </span>
     <span class='ocr_line' id='line_1_6' title="bbox 223 497 1653 579; baseline 0.001 -22"><span class='ocrx_word' id='word_1_30' title='bbox 223 500 366 558; x_wconf 86' lang='lat' dir='ltr'>ciem</span> <span class='ocrx_word' id='word_1_31' title='bbox 392 497 764 557; x_wconf 83' lang='lat' dir='ltr'>multitudinis</span> <span class='ocrx_word' id='word_1_32' title='bbox 792 520 1021 579; x_wconf 85' lang='lat' dir='ltr'>augeret</span> <span class='ocrx_word' id='word_1_33' title='bbox 1043 542 1066 568; x_wconf 66' lang='lat'>5</span> <span class='ocrx_word' id='word_1_34' title='bbox 1103 498 1346 558; x_wconf 81' lang='lat' dir='ltr'>ostendit</span> <span class='ocrx_word' id='word_1_35' title='bbox 1367 519 1386 568; x_wconf 79' lang='lat'>3</span> <span class='ocrx_word' id='word_1_36' title='bbox 1413 498 1653 559; x_wconf 61' lang='lat' dir='ltr'>clamore</span> 
     </span>
     <span class='ocr_line' id='line_1_7' title="bbox 221 579 1644 660; baseline 0.002 -22"><span class='ocrx_word' id='word_1_37' title='bbox 221 602 453 660; x_wconf 89' lang='lat' dir='ltr'>quoque</span> <span class='ocrx_word' id='word_1_38' title='bbox 498 602 562 639; x_wconf 91' lang='lat' dir='ltr'>ac</span> <span class='ocrx_word' id='word_1_39' title='bbox 607 579 688 639; x_wconf 82' lang='lat' dir='ltr'>sui</span> <span class='ocrx_word' id='word_1_40' title='bbox 727 583 895 638; x_wconf 88' lang='lat' dir='ltr'>moris</span> <span class='ocrx_word' id='word_1_41' title='bbox 937 580 1155 640; x_wconf 81' lang='lat' dir='ltr'>ululatu-</span> <span class='ocrx_word' id='word_1_42' title='bbox 1193 580 1519 639; x_wconf 75' lang='lat' dir='ltr'>idemtidem</span> <span class='ocrx_word' id='word_1_43' title='bbox 1563 602 1644 641; x_wconf 87' lang='lat' dir='ltr'>ac-</span> 
     </span>
     <span class='ocr_line' id='line_1_8' title="bbox 221 660 1644 743; baseline 0.002 -24"><span class='ocrx_word' id='word_1_44' title='bbox 221 668 576 743; x_wconf 82' lang='lat' dir='ltr'>quiescentes</span> <span class='ocrx_word' id='word_1_45' title='bbox 622 660 966 722; x_wconf 86' lang='lat' dir='ltr'>Macedonas</span> <span class='ocrx_word' id='word_1_46' title='bbox 1017 661 1210 722; x_wconf 80' lang='lat' dir='ltr'>frustra</span> <span class='ocrx_word' id='word_1_47' title='bbox 1257 682 1439 722; x_wconf 86' lang='lat' dir='ltr'>terere</span> <span class='ocrx_word' id='word_1_48' title='bbox 1484 684 1644 722; x_wconf 83' lang='lat' dir='ltr'>eona-</span> 
     </span>
     <span class='ocr_line' id='line_1_9' title="bbox 225 741 1646 822; baseline 0.002 -20"><span class='ocrx_word' id='word_1_49' title='bbox 225 766 337 802; x_wconf 70' lang='grc' dir='ltr'>ωε.</span> <span class='ocrx_word' id='word_1_50' title='bbox 368 744 489 802; x_wconf 88' lang='lat' dir='ltr'>Jam</span> <span class='ocrx_word' id='word_1_51' title='bbox 525 743 625 801; x_wconf 85' lang='lat' dir='ltr'>lux</span> <span class='ocrx_word' id='word_1_52' title='bbox 657 743 1003 822; x_wconf 81' lang='lat' dir='ltr'>appetebat3</span> <span class='ocrx_word' id='word_1_53' title='bbox 1045 767 1175 804; x_wconf 72' lang='lat' dir='ltr'>cum:</span> <span class='ocrx_word' id='word_1_54' title='bbox 1209 762 1308 802; x_wconf 75' lang='lat' dir='ltr'>rex</span> <span class='ocrx_word' id='word_1_55' title='bbox 1339 741 1560 804; x_wconf 82' lang='lat' dir='ltr'>fiduciae</span> <span class='ocrx_word' id='word_1_56' title='bbox 1592 767 1646 805; x_wconf 85' lang='lat' dir='ltr'>ac·-</span> 
     </span>
     <span class='ocr_line' id='line_1_10' title="bbox 221 823 1650 906; baseline 0.003 -24"><span class='ocrx_word' id='word_1_57' title='bbox 221 824 337 905; x_wconf 84' lang='lat' dir='ltr'>spei</span> <span class='ocrx_word' id='word_1_58' title='bbox 363 823 560 904; x_wconf 83' lang='lat' dir='ltr'>plenus</span> <span class='ocrx_word' id='word_1_59' title='bbox 585 823 794 885; x_wconf 83' lang='lat' dir='ltr'>alacres</span> <span class='ocrx_word' id='word_1_60' title='bbox 821 825 1022 906; x_wconf 65' lang='lat' dir='ltr'>milites</span> <span class='ocrx_word' id='word_1_61' title='bbox 1045 847 1193 885; x_wconf 89' lang='lat' dir='ltr'>arma</span> <span class='ocrx_word' id='word_1_62' title='bbox 1216 846 1415 905; x_wconf 82' lang='lat' dir='ltr'>capere</span> <span class='ocrx_word' id='word_1_63' title='bbox 1434 869 1451 894; x_wconf 87' lang='lat'><em>,</em></span> <span class='ocrx_word' id='word_1_64' title='bbox 1473 830 1530 886; x_wconf 85' lang='lat'>&amp;</span> <span class='ocrx_word' id='word_1_65' title='bbox 1552 828 1650 886; x_wconf 54' lang='lat' dir='ltr'>exi*</span> 
     </span>
     <span class='ocr_line' id='line_1_11' title="bbox 223 904 1648 986; baseline 0.001 -20"><span class='ocrx_word' id='word_1_66' title='bbox 223 929 284 966; x_wconf 85' lang='lat' dir='ltr'>re</span> <span class='ocrx_word' id='word_1_67' title='bbox 311 908 366 965; x_wconf 89' lang='lat' dir='ltr'>in</span> <span class='ocrx_word' id='word_1_68' title='bbox 392 907 566 965; x_wconf 81' lang='lat' dir='ltr'>aciem</span> <span class='ocrx_word' id='word_1_69' title='bbox 594 907 773 986; x_wconf 84' lang='lat' dir='ltr'>jubet.</span> <span class='ocrx_word' id='word_1_70' title='bbox 817 907 931 966; x_wconf 85' lang='lat' dir='ltr'>Sed</span> <span class='ocrx_word' id='word_1_71' title='bbox 969 928 1196 967; x_wconf 75' lang='lat' dir='ltr'>metune</span> <span class='ocrx_word' id='word_1_72' title='bbox 1218 949 1236 975; x_wconf 90' lang='lat'><strong><em>,</em></strong></span> <span class='ocrx_word' id='word_1_73' title='bbox 1276 929 1346 966; x_wconf 84' lang='lat' dir='ltr'>an</span> <span class='ocrx_word' id='word_1_74' title='bbox 1390 904 1648 968; x_wconf 69' lang='lat' dir='ltr'>seditione</span> 
     </span>
     <span class='ocr_line' id='line_1_12' title="bbox 227 987 1646 1069; baseline 0.001 -22"><span class='ocrx_word' id='word_1_75' title='bbox 227 989 431 1048; x_wconf 90' lang='lat' dir='ltr'>oborta</span> <span class='ocrx_word' id='word_1_76' title='bbox 455 989 600 1046; x_wconf 85' lang='lat' dir='ltr'>inter</span> <span class='ocrx_word' id='word_1_77' title='bbox 630 989 779 1069; x_wconf 86' lang='lat' dir='ltr'>ipsos</span> <span class='ocrx_word' id='word_1_78' title='bbox 797 1031 813 1058; x_wconf 87' lang='lat'>‚</span> <span class='ocrx_word' id='word_1_79' title='bbox 855 987 1040 1048; x_wconf 88' lang='lat' dir='ltr'>subito</span> <span class='ocrx_word' id='word_1_80' title='bbox 1065 988 1437 1069; x_wconf 85' lang='lat' dir='ltr'>profugerunt</span> <span class='ocrx_word' id='word_1_81' title='bbox 1461 991 1646 1050; x_wconf 88' lang='lat' dir='ltr'>barba-</span> 
     </span>
     <span class='ocr_line' id='line_1_13' title="bbox 225 1070 1647 1151; baseline 0.003 -23"><span class='ocrx_word' id='word_1_82' title='bbox 225 1075 293 1129; x_wconf 84' lang='lat' dir='ltr'>ri.</span> <span class='ocrx_word' id='word_1_83' title='bbox 322 1070 496 1130; x_wconf 88' lang='lat' dir='ltr'>Certe</span> <span class='ocrx_word' id='word_1_84' title='bbox 518 1071 672 1129; x_wconf 90' lang='lat' dir='ltr'>avios</span> <span class='ocrx_word' id='word_1_85' title='bbox 698 1090 917 1130; x_wconf 89' lang='lat' dir='ltr'>montes</span> <span class='ocrx_word' id='word_1_86' title='bbox 939 1075 996 1130; x_wconf 88' lang='lat'>&amp;</span> <span class='ocrx_word' id='word_1_87' title='bbox 1023 1071 1323 1149; x_wconf 87' lang='lat' dir='ltr'>impeditos</span> <span class='ocrx_word' id='word_1_88' title='bbox 1349 1093 1647 1151; x_wconf 88' lang='lat' dir='ltr'>occupave-</span> 
     </span>
     <span class='ocr_line' id='line_1_14' title="bbox 225 1151 1648 1231; baseline 0.001 -21"><span class='ocrx_word' id='word_1_89' title='bbox 225 1173 377 1211; x_wconf 83' lang='lat' dir='ltr'>runt.</span> <span class='ocrx_word' id='word_1_90' title='bbox 415 1152 678 1225; x_wconf 87' lang='lat' dir='ltr'>Quorum</span> <span class='ocrx_word' id='word_1_91' title='bbox 707 1173 905 1231; x_wconf 83' lang='lat' dir='ltr'>agmen</span> <span class='ocrx_word' id='word_1_92' title='bbox 939 1175 1036 1211; x_wconf 84' lang='lat' dir='ltr'>rex</span> <span class='ocrx_word' id='word_1_93' title='bbox 1068 1151 1260 1211; x_wconf 85' lang='lat' dir='ltr'>frustra</span> <span class='ocrx_word' id='word_1_94' title='bbox 1293 1173 1648 1230; x_wconf 66' lang='lat' dir='ltr'>persecutus,</span> 
     </span>
     <span class='ocr_line' id='line_1_15' title="bbox 227 1233 1662 1314; baseline 0.003 -24"><span class='ocrx_word' id='word_1_95' title='bbox 227 1233 625 1314; x_wconf 72' lang='lat' dir='ltr'>impedimenta</span> <span class='ocrx_word' id='word_1_96' title='bbox 662 1235 831 1312; x_wconf 88' lang='lat' dir='ltr'>cepit.</span> <span class='ocrx_word' id='word_1_97' title='bbox 863 1234 1204 1295; x_wconf 86' lang='lat' dir='ltr'>Perventum</span> <span class='ocrx_word' id='word_1_98' title='bbox 1238 1233 1440 1294; x_wconf 88' lang='lat' dir='ltr'>deinde</span> <span class='ocrx_word' id='word_1_99' title='bbox 1473 1233 1548 1293; x_wconf 84' lang='lat' dir='ltr'>est</span> <span class='ocrx_word' id='word_1_100' title='bbox 1589 1234 1662 1294; x_wconf 59' lang='lat' dir='ltr'>ad²</span> 
     </span>
     <span class='ocr_line' id='line_1_16' title="bbox 228 1314 1650 1397; baseline 0.001 -22"><span class='ocrx_word' id='word_1_101' title='bbox 228 1315 504 1394; x_wconf 86' lang='lat' dir='ltr'>oppidum</span> <span class='ocrx_word' id='word_1_102' title='bbox 557 1314 994 1394; x_wconf 80' lang='lat' dir='ltr'>Oxydracarum</span> <span class='ocrx_word' id='word_1_103' title='bbox 1032 1358 1048 1385; x_wconf 86' lang='lat'>,</span> <span class='ocrx_word' id='word_1_104' title='bbox 1102 1321 1156 1375; x_wconf 88' lang='lat' dir='ltr'>in</span> <span class='ocrx_word' id='word_1_105' title='bbox 1205 1314 1362 1394; x_wconf 88' lang='lat' dir='ltr'>quod</span> <span class='ocrx_word' id='word_1_106' title='bbox 1405 1316 1650 1397; x_wconf 81' lang='lat' dir='ltr'>plerique</span> 
     </span>
     <span class='ocr_line' id='line_1_17' title="bbox 227 1395 1651 1477; baseline 0.001 -20"><span class='ocrx_word' id='word_1_107' title='bbox 227 1396 600 1477; x_wconf 71' lang='lat' dir='ltr'>confugerant</span> <span class='ocrx_word' id='word_1_108' title='bbox 629 1438 647 1465; x_wconf 84' lang='lat'>‚</span> <span class='ocrx_word' id='word_1_109' title='bbox 685 1396 833 1456; x_wconf 89' lang='lat' dir='ltr'>haud</span> <span class='ocrx_word' id='word_1_110' title='bbox 865 1400 1075 1477; x_wconf 81' lang='lat' dir='ltr'>majore</span> <span class='ocrx_word' id='word_1_111' title='bbox 1104 1395 1313 1457; x_wconf 89' lang='lat' dir='ltr'>fiducia</span> <span class='ocrx_word' id='word_1_112' title='bbox 1344 1400 1610 1459; x_wconf 88' lang='lat' dir='ltr'>moenium</span> <span class='ocrx_word' id='word_1_113' title='bbox 1632 1439 1651 1469; x_wconf 87' lang='lat'><em>,</em></span> 
     </span>
     <span class='ocr_line' id='line_1_18' title="bbox 231 1498 724 1560; baseline 0 -22"><span class='ocrx_word' id='word_1_114' title='bbox 231 1502 398 1560; x_wconf 73' lang='lat' dir='ltr'>quam</span> <span class='ocrx_word' id='word_1_115' title='bbox 422 1498 724 1538; x_wconf 85' lang='lat' dir='ltr'>armorum.</span> 
     </span>
    </p>
   </div>
   <div class='ocr_carea' id='block_1_2' title="bbox 227 1643 1690 2700">
    <p class='ocr_par' dir='ltr' id='par_1_2' title="bbox 227 1643 1690 2700">
     <span class='ocr_line' id='line_1_19' title="bbox 289 1643 1645 1711; baseline -0.001 -11"><span class='ocrx_word' id='word_1_116' title='bbox 289 1643 410 1701; x_wconf 85' lang='lat' dir='ltr'>Jam</span> <span class='ocrx_word' id='word_1_117' title='bbox 435 1643 778 1707; x_wconf 86' lang='lat' dir='ltr'>admovebat</span> <span class='ocrx_word' id='word_1_118' title='bbox 802 1664 900 1703; x_wconf 86' lang='lat' dir='ltr'>rex</span> <span class='ocrx_word' id='word_1_119' title='bbox 916 1683 931 1711; x_wconf 85' lang='lat'>‚</span> <span class='ocrx_word' id='word_1_120' title='bbox 952 1663 1080 1701; x_wconf 88' lang='lat' dir='ltr'>cum</span> <span class='ocrx_word' id='word_1_121' title='bbox 1100 1661 1251 1702; x_wconf 85' lang='lat' dir='ltr'>vates</span> <span class='ocrx_word' id='word_1_122' title='bbox 1275 1662 1503 1702; x_wconf 88' lang='lat' dir='ltr'>monere</span> <span class='ocrx_word' id='word_1_123' title='bbox 1523 1662 1645 1701; x_wconf 87' lang='lat' dir='ltr'>eum</span> 
     </span>
     <span class='ocr_line' id='line_1_20' title="bbox 227 1712 1648 1805; baseline -0.006 -21"><span class='ocrx_word' id='word_1_124' title='bbox 227 1730 410 1805; x_wconf 80' lang='lat' dir='ltr'>coepit</span> <span class='ocrx_word' id='word_1_125' title='bbox 431 1768 448 1795; x_wconf 87' lang='grc'>,</span> <span class='ocrx_word' id='word_1_126' title='bbox 483 1747 544 1781; x_wconf 76' lang='lat' dir='ltr'>ne</span> <span class='ocrx_word' id='word_1_127' title='bbox 581 1728 907 1781; x_wconf 80' lang='lat' dir='ltr'>committeret</span> <span class='ocrx_word' id='word_1_128' title='bbox 927 1767 944 1794; x_wconf 85' lang='lat'>,</span> <span class='ocrx_word' id='word_1_129' title='bbox 982 1742 1076 1779; x_wconf 68' lang='lat' dir='ltr'>aut</span> <span class='ocrx_word' id='word_1_130' title='bbox 1092 1712 1241 1779; x_wconf 24' lang='lat' dir='ltr'>Ncerte</span> <span class='ocrx_word' id='word_1_131' title='bbox 1272 1722 1498 1800; x_wconf 79' lang='lat' dir='ltr'>differret</span> <span class='ocrx_word' id='word_1_132' title='bbox 1526 1721 1648 1778; x_wconf 76' lang='lat' dir='ltr'>obsi-</span> 
     </span>
     <span class='ocr_line' id='line_1_21' title="bbox 232 1804 1653 1887; baseline 0.001 -26"><span class='ocrx_word' id='word_1_133' title='bbox 232 1805 437 1862; x_wconf 69' lang='lat' dir='ltr'>dionem</span> <span class='ocrx_word' id='word_1_134' title='bbox 455 1829 477 1872; x_wconf 82' lang='lat'>5</span> <span class='ocrx_word' id='word_1_135' title='bbox 504 1810 617 1862; x_wconf 68' lang='lat' dir='ltr'><em>vitae</em></span> <span class='ocrx_word' id='word_1_136' title='bbox 639 1808 1045 1887; x_wconf 71' lang='lat' dir='ltr'>ejuspericnlnm</span> <span class='ocrx_word' id='word_1_137' title='bbox 1070 1805 1270 1873; x_wconf 67' lang='lat' dir='ltr'>ostendi.</span> <span class='ocrx_word' id='word_1_138' title='bbox 1292 1805 1417 1864; x_wconf 80' lang='lat' dir='ltr'>Rex</span> <span class='ocrx_word' id='word_1_139' title='bbox 1444 1804 1653 1863; x_wconf 82' lang='lat' dir='ltr'>Demo·-</span> 
     </span>
     <span class='ocr_line' id='line_1_22' title="bbox 230 1886 1656 1969; baseline -0.004 -24"><span class='ocrx_word' id='word_1_140' title='bbox 230 1890 483 1968; x_wconf 83' lang='lat' dir='ltr'>phoonta</span> <span class='ocrx_word' id='word_1_141' title='bbox 511 1899 531 1958; x_wconf 76' lang='lat'><em>&lt;</em></span> <span class='ocrx_word' id='word_1_142' title='bbox 563 1891 608 1947; x_wconf 86' lang='lat' dir='ltr'>is</span> <span class='ocrx_word' id='word_1_143' title='bbox 643 1909 883 1969; x_wconf 81' lang='lat' dir='ltr'>namque</span> <span class='ocrx_word' id='word_1_144' title='bbox 918 1907 1073 1948; x_wconf 84' lang='lat' dir='ltr'>vates</span> <span class='ocrx_word' id='word_1_145' title='bbox 1117 1891 1279 1964; x_wconf 87' lang='lat' dir='ltr'>erat)</span> <span class='ocrx_word' id='word_1_146' title='bbox 1318 1889 1539 1947; x_wconf 88' lang='lat' dir='ltr'>intuens</span> <span class='ocrx_word' id='word_1_147' title='bbox 1561 1931 1576 1950; x_wconf 87' lang='lat'><em>,</em></span> <span class='ocrx_word' id='word_1_148' title='bbox 1613 1886 1656 1941; x_wconf 82' lang='lat' dir='ltr'>si</span> 
     </span>
     <span class='ocr_line' id='line_1_23' title="bbox 233 1968 1649 2050; baseline -0.002 -26"><span class='ocrx_word' id='word_1_149' title='bbox 233 1973 345 2048; x_wconf 68' lang='lat' dir='ltr'>quis</span> <span class='ocrx_word' id='word_1_150' title='bbox 368 2014 385 2039; x_wconf 88' lang='grc'>,</span> <span class='ocrx_word' id='word_1_151' title='bbox 420 1971 601 2050; x_wconf 82' lang='lat' dir='ltr'>inquit</span> <span class='ocrx_word' id='word_1_152' title='bbox 624 2013 640 2039; x_wconf 83' lang='lat'><strong>,</strong></span> <span class='ocrx_word' id='word_1_153' title='bbox 672 1988 718 2024; x_wconf 80' lang='lat' dir='ltr'>te</span> <span class='ocrx_word' id='word_1_154' title='bbox 743 1972 852 2025; x_wconf 66' lang='lat' dir='ltr'>arti</span> <span class='ocrx_word' id='word_1_155' title='bbox 871 1987 960 2025; x_wconf 78' lang='lat' dir='ltr'>tuae</span> <span class='ocrx_word' id='word_1_156' title='bbox 996 1972 1247 2023; x_wconf 70' lang='lat' dir='ltr'>intentum</span> <span class='ocrx_word' id='word_1_157' title='bbox 1277 1969 1341 2025; x_wconf 43' lang='grc' dir='ltr'>(ἕω</span> <span class='ocrx_word' id='word_1_158' title='bbox 1365 1987 1484 2024; x_wconf 69' lang='lat' dir='ltr'>exta</span> <span class='ocrx_word' id='word_1_159' title='bbox 1509 1968 1649 2048; x_wconf 81' lang='lat' dir='ltr'>spec-</span> 
     </span>
     <span class='ocr_line' id='line_1_24' title="bbox 232 2049 1690 2127; baseline -0.002 -20"><span class='ocrx_word' id='word_1_160' title='bbox 232 2070 429 2107; x_wconf 74' lang='lat' dir='ltr'>tantem</span> <span class='ocrx_word' id='word_1_161' title='bbox 453 2055 523 2107; x_wconf 86' lang='lat' dir='ltr'>sic</span> <span class='ocrx_word' id='word_1_162' title='bbox 547 2054 679 2106; x_wconf 74' lang='lat' dir='ltr'>inter</span> <span class='ocrx_word' id='word_1_163' title='bbox 718 2052 829 2106; x_wconf 79' lang='lat' dir='ltr'>ellet</span> <span class='ocrx_word' id='word_1_164' title='bbox 849 2074 870 2116; x_wconf 77' lang='lat'>,-</span> <span class='ocrx_word' id='word_1_165' title='bbox 897 2072 996 2107; x_wconf 81' lang='lat' dir='ltr'>non</span> <span class='ocrx_word' id='word_1_166' title='bbox 1020 2049 1247 2106; x_wconf 72' lang='lat' dir='ltr'>dubitem</span> <span class='ocrx_word' id='word_1_167' title='bbox 1270 2094 1288 2119; x_wconf 82' lang='grc'>,</span> <span class='ocrx_word' id='word_1_168' title='bbox 1321 2053 1448 2127; x_wconf 77' lang='lat' dir='ltr'>quin</span> <span class='ocrx_word' id='word_1_169' title='bbox 1468 2054 1650 2105; x_wconf 80' lang='lat' dir='ltr'>incom-</span> <span class='ocrx_word' id='word_1_170' title='bbox 1685 2062 1690 2067; x_wconf 65' lang='lat'><strong>⁴</strong></span> 
     </span>
     <span class='ocr_line' id='line_1_25' title="bbox 236 2069 1686 2212; baseline -0.001 -22"><span class='ocrx_word' id='word_1_171' title='bbox 236 2131 420 2190; x_wconf 76' lang='lat' dir='ltr'>modus</span> <span class='ocrx_word' id='word_1_172' title='bbox 440 2155 504 2189; x_wconf 77' lang='lat' dir='ltr'>ac</span> <span class='ocrx_word' id='word_1_173' title='bbox 530 2069 754 2208; x_wconf 50' lang='lat' dir='ltr'>molgsgas</span> <span class='ocrx_word' id='word_1_174' title='bbox 777 2132 956 2188; x_wconf 76' lang='lat' dir='ltr'>videri</span> <span class='ocrx_word' id='word_1_175' title='bbox 978 2130 1072 2187; x_wconf 73' lang='lat' dir='ltr'>tibi</span> <span class='ocrx_word' id='word_1_176' title='bbox 1098 2133 1268 2212; x_wconf 81' lang='lat' dir='ltr'>possit.</span> <span class='ocrx_word' id='word_1_177' title='bbox 1304 2131 1381 2190; x_wconf 87' lang='lat' dir='ltr'>Et</span> <span class='ocrx_word' id='word_1_178' title='bbox 1411 2154 1538 2191; x_wconf 90' lang='lat' dir='ltr'>cum</span> <span class='ocrx_word' id='word_1_179' title='bbox 1563 2130 1647 2189; x_wconf 85' lang='lat' dir='ltr'>ille</span> <span class='ocrx_word' id='word_1_180' title='bbox 1676 2107 1686 2188; x_wconf 79' lang='lat' dir='ltr'>l</span> 
     </span>
     <span class='ocr_line' id='line_1_26' title="bbox 236 2212 1684 2294; baseline 0 -26"><span class='ocrx_word' id='word_1_181' title='bbox 236 2218 313 2269; x_wconf 73' lang='lat' dir='ltr'>im</span> <span class='ocrx_word' id='word_1_182' title='bbox 334 2233 530 2294; x_wconf 76' lang='lat' dir='ltr'>prorsus</span> <span class='ocrx_word' id='word_1_183' title='bbox 538 2216 786 2290; x_wconf 71' lang='lat' dir='ltr'>futurum</span> <span class='ocrx_word' id='word_1_184' title='bbox 813 2212 1182 2293; x_wconf 87' lang='lat' dir='ltr'>respondisset</span> <span class='ocrx_word' id='word_1_185' title='bbox 1202 2236 1222 2277; x_wconf 86' lang='lat'>,·</span> <span class='ocrx_word' id='word_1_186' title='bbox 1252 2218 1535 2276; x_wconf 81' lang='lat' dir='ltr'>Cencesne,</span> <span class='ocrx_word' id='word_1_187' title='bbox 1565 2212 1648 2269; x_wconf 91' lang='lat' dir='ltr'>in-</span> <span class='ocrx_word' id='word_1_188' title='bbox 1676 2223 1684 2262; x_wconf 60' lang='grc' dir='ltr'>Γ</span> 
     </span>
     <span class='ocr_line' id='line_1_27' title="bbox 237 2291 1680 2375; baseline -0.003 -23"><span class='ocrx_word' id='word_1_189' title='bbox 237 2296 362 2375; x_wconf 87' lang='lat' dir='ltr'>quit</span> <span class='ocrx_word' id='word_1_190' title='bbox 381 2337 398 2363; x_wconf 92' lang='lat'>,</span> <span class='ocrx_word' id='word_1_191' title='bbox 433 2312 607 2351; x_wconf 76' lang='lat' dir='ltr'>tantas</span> <span class='ocrx_word' id='word_1_192' title='bbox 633 2316 709 2351; x_wconf 83' lang='lat' dir='ltr'>res</span> <span class='ocrx_word' id='word_1_193' title='bbox 730 2338 747 2362; x_wconf 84' lang='lat'><strong><em>,</em></strong></span> <span class='ocrx_word' id='word_1_194' title='bbox 778 2316 878 2350; x_wconf 79' lang='lat' dir='ltr'>non</span> <span class='ocrx_word' id='word_1_195' title='bbox 896 2291 1326 2374; x_wconf 70' lang='lat' dir='ltr'>pecudnmfibras</span> <span class='ocrx_word' id='word_1_196' title='bbox 1349 2311 1469 2348; x_wconf 75' lang='lat' dir='ltr'>ante</span> <span class='ocrx_word' id='word_1_197' title='bbox 1491 2294 1648 2348; x_wconf 80' lang='lat' dir='ltr'>oculos</span> <span class='ocrx_word' id='word_1_198' title='bbox 1678 2323 1680 2329; x_wconf 94' lang='lat'>·</span> 
     </span>
     <span class='ocr_line' id='line_1_28' title="bbox 236 2371 1646 2452; baseline -0.003 -20"><span class='ocrx_word' id='word_1_199' title='bbox 236 2374 480 2446; x_wconf 70' lang='lat' dir='ltr'>habenti,</span> <span class='ocrx_word' id='word_1_200' title='bbox 514 2378 681 2431; x_wconf 73' lang='lat' dir='ltr'>ullum</span> <span class='ocrx_word' id='word_1_201' title='bbox 718 2396 813 2430; x_wconf 84' lang='lat' dir='ltr'>esse</span> <span class='ocrx_word' id='word_1_202' title='bbox 845 2380 1012 2447; x_wconf 77' lang='lat' dir='ltr'>majus</span> <span class='ocrx_word' id='word_1_203' title='bbox 1047 2371 1472 2448; x_wconf 73' lang='lat' dir='ltr'>impedimentum</span> <span class='ocrx_word' id='word_1_204' title='bbox 1498 2392 1646 2452; x_wconf 76' lang='lat' dir='ltr'>quam</span> 
     </span>
     <span class='ocr_line' id='line_1_29' title="bbox 234 2456 1645 2538; baseline -0.003 -24"><span class='ocrx_word' id='word_1_205' title='bbox 234 2475 415 2514; x_wconf 73' lang='lat' dir='ltr'>vatem</span> <span class='ocrx_word' id='word_1_206' title='bbox 427 2456 773 2537; x_wconf 77' lang='lat' dir='ltr'>superstitione</span> <span class='ocrx_word' id='word_1_207' title='bbox 799 2474 1006 2538; x_wconf 77' lang='lat' dir='ltr'>captum</span> <span class='ocrx_word' id='word_1_208' title='bbox 1029 2463 1055 2512; x_wconf 82' lang='lat'><em>?</em></span> <span class='ocrx_word' id='word_1_209' title='bbox 1098 2456 1224 2515; x_wconf 89' lang='lat' dir='ltr'>Nec</span> <span class='ocrx_word' id='word_1_210' title='bbox 1250 2456 1458 2516; x_wconf 85' lang='lat' dir='ltr'>diutius</span> <span class='ocrx_word' id='word_1_211' title='bbox 1493 2474 1645 2535; x_wconf 87' lang='lat' dir='ltr'>quam</span> 
     </span>
     <span class='ocr_line' id='line_1_30' title="bbox 236 2536 1646 2618; baseline -0.008 -20"><span class='ocrx_word' id='word_1_212' title='bbox 236 2538 527 2618; x_wconf 81' lang='lat' dir='ltr'>respondit</span> <span class='ocrx_word' id='word_1_213' title='bbox 569 2556 818 2597; x_wconf 89' lang='lat' dir='ltr'>moratus</span> <span class='ocrx_word' id='word_1_214' title='bbox 857 2581 876 2608; x_wconf 85' lang='lat'>,</span> <span class='ocrx_word' id='word_1_215' title='bbox 924 2536 1202 2593; x_wconf 81' lang='lat' dir='ltr'>admoveri</span> <span class='ocrx_word' id='word_1_216' title='bbox 1250 2539 1409 2617; x_wconf 85' lang='lat' dir='ltr'>jubet</span> <span class='ocrx_word' id='word_1_217' title='bbox 1441 2537 1607 2612; x_wconf 75' lang='lat' dir='ltr'>scalas</span> <span class='ocrx_word' id='word_1_218' title='bbox 1629 2554 1646 2587; x_wconf 91' lang='lat'>.·</span> 
     </span>
     <span class='ocr_line' id='line_1_31' title="bbox 236 2617 1649 2700; baseline -0.005 -19"><span class='ocrx_word' id='word_1_219' title='bbox 236 2619 738 2700; x_wconf 67' lang='lat' dir='ltr'>cunclantibusque</span> <span class='ocrx_word' id='word_1_220' title='bbox 765 2621 962 2680; x_wconf 88' lang='lat' dir='ltr'>ceteris</span> <span class='ocrx_word' id='word_1_221' title='bbox 987 2620 1175 2680; x_wconf 89' lang='lat' dir='ltr'>evadit</span> <span class='ocrx_word' id='word_1_222' title='bbox 1195 2620 1249 2676; x_wconf 90' lang='lat' dir='ltr'>in</span> <span class='ocrx_word' id='word_1_223' title='bbox 1275 2640 1509 2677; x_wconf 85' lang='lat' dir='ltr'>murum.</span> <span class='ocrx_word' id='word_1_224' title='bbox 1535 2617 1649 2673; x_wconf 81' lang='lat' dir='ltr'>An·</span> 
     </span>
    </p>
   </div>
   <div class='ocr_carea' id='block_1_3' title="bbox 233 2694 1647 2784">
    <p class='ocr_par' dir='ltr' id='par_1_3' title="bbox 233 2694 1647 2784">
     <span class='ocr_line' id='line_1_32' title="bbox 233 2694 1647 2784; baseline -0.006 -22"><span class='ocrx_word' id='word_1_225' title='bbox 233 2701 390 2784; x_wconf 82' lang='lat' dir='ltr'>gusta</span> <span class='ocrx_word' id='word_1_226' title='bbox 412 2702 559 2780; x_wconf 67' lang='lat' dir='ltr'>mur}</span> <span class='ocrx_word' id='word_1_227' title='bbox 579 2721 786 2779; x_wconf 62' lang='lat' dir='ltr'>corona</span> <span class='ocrx_word' id='word_1_228' title='bbox 813 2721 931 2765; x_wconf 85' lang='lat' dir='ltr'>erat</span> <span class='ocrx_word' id='word_1_229' title='bbox 964 2722 977 2765; x_wconf 90' lang='lat'>:</span> <span class='ocrx_word' id='word_1_230' title='bbox 1009 2721 1120 2779; x_wconf 78' lang='lat' dir='ltr'>non</span> <span class='ocrx_word' id='word_1_231' title='bbox 1142 2702 1498 2784; x_wconf 15' lang='lat' dir='ltr'>pinnaestsicut</span> <span class='ocrx_word' id='word_1_232' title='bbox 1526 2694 1647 2758; x_wconf 85' lang='lat' dir='ltr'>alibi</span> 
     </span>
    </p>
   </div>
  </div>
 </body>
</html>
