1690 3067
273 95 540 146 LJVRE
574 93 639 143 X.
677 75 1135 144 CHAPJTRE
1168 90 1285 144 [Π.
1420 105 1508 161 523

90 210 122 234 ι,
150 181 258 252 tis;
292 184 350 241 &
391 202 518 238 cum
555 177 728 239 fortes
754 179 858 239 viri
884 181 998 239 sitis
1023 224 1038 249 ‚
1077 202 1189 240 non
1223 178 1513 240 fortitudi-

89 293 123 317 ω
150 285 277 322 nem
311 264 484 341 magis
508 305 525 331 ,
562 283 730 342 quam
773 259 942 319 fidem
989 262 1194 322 colitis·
1228 263 1364 321 Hoc
1401 282 1510 339 ego

87 374 123 399 a>
147 366 293 404 nunc
320 346 558 424 primum
598 341 872 422 profiteor
892 386 910 412 ‚
941 342 1035 402 sed
1064 344 1199 403 olim
1229 344 1363 403 scio·
1387 340 1513 400 Ita—

89 455 125 481 ω
152 449 261 507 que
288 429 345 485 &
368 425 646 485 delecium
669 447 698 483 e
723 425 886 485 vobis
916 427 1196 502 juniorum
1221 425 1430 494 habui3
1454 428 1514 484 &

88 538 124 564 κ
149 530 252 569 vos
267 530 520 567 meorum
538 506 774 566 militum
792 509 1019 586 corpori
1039 508 1332 567 immiscui.
1348 505 1512 564 Idem

88 620 125 646 ω
151 591 406 659 habitus,
426 589 621 648 eadem
646 610 793 647 arma
811 586 937 648 sunt
960 589 1120 650 vobis
1141 611 1153 648 τ
1179 589 1514 669 obsequium

91 702 126 726 ao
149 693 286 733 vero
322 676 381 731 &
414 672 679 752 patientia
715 671 931 750 imperii
969 670 1138 751 longe
1167 669 1515 750 praestantior

89 784 125 810 a:
153 753 229 814 est
251 800 267 825 ,
305 776 471 834 quarn
495 754 693 812 ceteris
743 753 900 832 Ergo
931 752 1048 831 ipse
1082 753 1357 812 Oxathris
1376 753 1514 811 Per-

90 866 125 891 a>
147 836 216 894 sae
246 835 415 897 filiam
451 856 671 894 mecum
701 835 756 892 in
779 836 1136 893 matrimonio
1166 837 1357 912 junxi,
1397 854 1513 891 non

89 948 124 973 ω
153 918 488 998 dedignatus
521 938 591 975 ex
627 920 848 996 captiva
878 915 1084 975 liberos
1113 915 1333 976 tollere.
1370 916 1515 974 Mox

92 1030 126 1055 20
154 1000 356 1061 deinde
381 1021 509 1059 cum
538 996 758 1078 stirpem
784 1001 1002 1078 generis
1033 1000 1142 1057 mei
1172 998 1336 1057 latius
1375 1019 1514 1077 proc

91 1110 127 1136 ω
151 1104 357 1164 pagare
390 1102 652 1160 cuperem
676 1123 693 1149 ,
736 1101 970 1139 uxorem
1003 1079 1165 1141 Darii
1203 1079 1373 1139 filiam
1412 1079 1515 1138 du-

91 1193 126 1218 20
151 1168 209 1240 xi
246 1188 265 1239 3
307 1163 688 1244 proximisque
723 1165 1034 1221 amicorum
1081 1164 1276 1222 audior
1323 1161 1405 1221 fui
1443 1182 1514 1221 ex

91 1275 126 1299 :o
155 1247 390 1326 captivis
436 1242 740 1324 generandi
784 1242 993 1303 liberos
1035 1263 1048 1303 :
1093 1263 1156 1303 ut
1197 1244 1312 1304 hoc
1355 1243 1511 1303 sacro

90 1355 126 1381 20
153 1326 366 1387 foedere
402 1347 567 1386 omne
590 1324 886 1385 discrimen
915 1326 1046 1385 vieti
1076 1330 1133 1385 ἃ
1165 1328 1389 1387 νὲιξέοῑὶε
1417 1347 1513 1383 ex-
1587 1396 1590 1397 7

88 1437 123 1464 ιο
153 1409 459 1468 cluderem.
504 1407 747 1465 Proinde
790 1407 1010 1486 genitos
1051 1429 1168 1467 esse
1196 1428 1298 1467 vos
1338 1408 1508 1475 mihi,

87 1520 122 1546 ω
150 1513 262 1550 non
287 1490 530 1550 adscitos
562 1487 764 1546 milites
791 1487 1022 1547 credite.
1054 1490 1210 1548 Asiae
1244 1493 1302 1548 &
1323 1488 1510 1548 Euro-

83 1601 121 1627 ω
151 1596 238 1656 pae
260 1594 434 1631 unum
460 1591 628 1649 atque
655 1570 803 1629 idern
826 1590 1060 1648 regnum
1096 1569 1191 1631 est.
1226 1570 1504 1632 Macedo-

85 1682 122 1709 πο
145 1676 278 1714 num
304 1653 468 1715 vobis
491 1674 639 1711 arma
669 1652 762 1710 do.
800 1649 1121 1712 Inveteravi
1157 1657 1506 1733 peregrinam

79 1765 117 1791 ,υ
144 1738 490 1807 novitatem3
518 1737 573 1792 δέ
598 1733 745 1792 cives
771 1734 878 1792 mei
905 1731 1024 1791 estis
1051 1738 1106 1793 &c
1128 1734 1361 1803 militeS‚
1390 1757 1506 1794 orn-

77 1847 114 1873 20
139 1824 227 1879 nia
273 1815 534 1877 eumdem
580 1813 796 1874 ducunt
842 1815 1114 1875 colorem.
1161 1816 1287 1875 Nec
1323 1818 1506 1876 Persis

78 1929 115 1955 ω
144 1898 527 1959 Macedonum
551 1918 763 1956 morem
791 1896 1147 1966 adumbrare,
1173 1919 1277 1957 nec
1304 1899 1500 1957 Mace-

77 2011 113 2037 ω
142 1981 384 2042 donibus
409 1981 602 2038 Persas
627 1980 826 2038 imitari
858 1977 1188 2039 indecorum
1223 1979 1317 2040 est.
1351 1978 1504 2060 Ejus-

77 2092 114 2118 ω
139 2063 270 2124 dem
294 2066 427 2141 juris
452 2082 568 2120 esse
597 2059 807 2119 debent
832 2103 849 2129 ,
888 2062 985 2140 qui
1007 2059 1107 2121 sub
1135 2061 1336 2121 eodem
1354 2084 1500 2142 ‘rege

79 2174 115 2199 ω
141 2147 343 2206 νἰέὶυϊί
366 2143 491 2200 sunt
517 2169 570 2200 oc.
605 2143 732 2202 Hac
772 2148 1025 2202 oratione
1063 2144 1252 2203 habita
1273 2189 1290 2208 ,
1321 2145 1503 2205 Persis

75 2227 332 2307 corporis
364 2225 444 2283 sui
475 2222 778 2283 custodiam
814 2224 1084 2293 credidit,
1120 2226 1315 2286 Persas
1337 2226 1503 2286 satel-

77 2309 203 2369 lites
228 2351 243 2378 ,
282 2308 473 2366 Persas
506 2311 849 2386 apparitores
883 2305 1036 2366 fecit.
1075 2307 1180 2365 Per
1205 2330 1346 2388 quos
1373 2331 1500 2368 cum

79 2390 429 2451 Macedones
449 2432 465 2457 ,
497 2390 590 2468 qui
613 2389 743 2448 huic
761 2386 1015 2448 seditioni
1036 2392 1386 2450 occasionem
1410 2391 1502 2450 de-

74 2472 319 2541 dissent,
345 2472 516 2532 vineii
536 2470 605 2531 ad
625 2469 889 2552 supplicia
915 2472 1268 2531 traherentur
1288 2515 1303 2540 ,
1327 2493 1501 2531 unum

75 2555 231 2614 exiis
260 2554 586 2612 aufioritate
618 2555 676 2612 δε
703 2572 866 2612 aetate
899 2574 1160 2633 gravem,
1189 2552 1259 2613 ad
1279 2553 1499 2634 Regem

73 2638 151 2713 ita
174 2637 429 2694 locutum
449 2633 653 2693 ferunt.

162 2717 343 2778 CAP.
381 2714 506 2778 IV.
554 2721 830 2797 Quousque
860 2758 880 2788 ,
917 2716 1102 2797 inquit
1135 2760 1153 2788 ,
1199 2716 1375 2775 animo
1413 2733 1498 2773 tm

1682 697 1690 732 1⁴-
1682 518 1690 693 *mn—-
1688 500 1690 506 Δ
1688 473 1690 495 -
1688 455 1690 460 Δ

1678 1060 1685 1115 '3

1679 1118 1683 1137 .
