1690 3067
247 92 345 170 '3584
538 86 1451 158 QUINTE-CURCE,

242 177 508 250 Ducibus
546 176 791 246 itineris,
830 193 974 254 quos
1003 168 1183 231 subire
1206 173 1440 252 jusserat
1468 170 1665 232 leviter

240 281 485 331 armatos
510 303 525 329 ‚
559 260 663 326 etsi
697 259 982 337 promissis
1013 254 1227 320 minora
1258 250 1664 333 praestiterant',

241 346 484 427 pretium
521 363 651 411 cum
675 338 787 398 fide
820 335 1106 396 redditum
1137 333 1232 398 est.
1262 334 1442 400 Petrae
1473 337 1666 416 regio-

242 429 441 507 nisque
465 425 515 485 ei
544 422 821 502 adjunetae
845 414 1127 480 Sisocosto
1151 415 1327 481 tutela
1354 416 1635 494 permissa.
1689 455 1690 458 =

356 508 407 575 C
436 525 475 566 A
502 525 558 570 P,
605 502 783 573 XII.
825 498 969 559 Inde
1011 500 1285 579 processit
1329 496 1662 558 Ecbolima:

241 595 303 660 δε
330 612 457 652 cum
483 584 757 668 angustias
785 583 994 644 itineris
1019 579 1263 641 obsideri
1299 600 1387 639 xx
1421 577 1666 643 millibus

241 691 583 739 armatorum
621 667 689 728 ab
735 665 922 746 Eryce
973 660 1220 742 quodam
1265 662 1663 740 comperisset3

239 755 465 836 gravius
521 770 721 829 agmen
773 746 1050 806 exercitus
1104 743 1292 802 Coeno
1341 742 1661 810 ducendum

239 834 478 897 modicis
519 828 809 895 itineribus
851 824 1103 892 tradidit.
1150 824 1283 905 Ipse
1328 844 1659 904 praegressus

234 939 369 983 gum
403 913 688 975 funditore
719 932 782 976 ae
814 907 1099 988 sagittario
1120 949 1136 975 ,
1179 906 1520 975 deturbatiS,
1568 910 1657 985 qui

239 998 578 1059 obsederant
601 993 796 1061 saltum
812 1035 829 1060 ‚
852 988 1212 1069 sequentibus
1239 986 1292 1047 se
1326 988 1500 1065 copiis
1520 988 1654 1050 viam

237 1081 393 1141 fecit.
427 1076 558 1141 Indi
578 1079 694 1135 sive
721 1074 854 1134 odio
880 1071 1039 1130 ducis
1057 1113 1072 1139 ,
1103 1071 1218 1129 sive
1242 1069 1474 1150 gratiam
1497 1070 1652 1129 vicio·

238 1169 312 1224 ris
335 1163 481 1241 regis
507 1159 699 1218 inituri
719 1200 736 1227 ,
772 1156 1013 1236 Erycem
1043 1151 1352 1231 fugientem
1378 1150 1562 1210 adorti
1586 1155 1650 1210 in-

238 1259 616 1320 teremerunt,
643 1258 925 1318 caputque
946 1237 1064 1312 ejus
1082 1254 1247 1314 atque
1270 1253 1418 1294 arma
1443 1230 1514 1291 ad
1535 1231 1644 1295 Ale

207 1325 516 1398 rixandi-‘um
553 1321 893 1384 detulerunt.
937 1315 1044 1374 Ille
1088 1313 1234 1381 facio
1277 1315 1646 1393 impunitaten

240 1409 437 1476 dedit3
474 1405 746 1470 honorem
771 1399 1069 1478 denegavit
1093 1395 1373 1475 exempla
1410 1396 1563 1454 Hinc
1595 1396 1645 1460 a<

236 1491 449 1551 fiumen
471 1484 678 1547 Indum
707 1482 870 1542 sextis
891 1480 1141 1540 decumis
1171 1476 1355 1537 castris
1380 1477 1630 1556 pervenit

239 1574 541 1649 omniaque
569 1611 584 1637 ,
626 1586 690 1626 ut
731 1580 1077 1644 praeceperat
1106 1604 1123 1630 ,
1169 1559 1240 1620 ad
1276 1557 1642 1638 trajiciendun

236 1671 547 1737 praeparata
579 1650 648 1709 ab
679 1643 1018 1726 Ephestione
1043 1644 1268 1722 reperit.

241 1742 245 1745 ’
317 1732 617 1814 Regnabat
635 1733 690 1789 in
716 1751 778 1806 ea
801 1732 1033 1807 regione
1072 1724 1318 1802 Omphis
1339 1765 1356 1792 ,
1393 1722 1490 1802 qui
1522 1740 1639 1802 patr

236 1838 469 1899 quoque
509 1812 691 1879 fuerat
737 1811 931 1869 auctor
971 1805 1214 1867 dedendi
1256 1826 1488 1884 regnum
1523 1803 1632 1876 Ale

237 1899 475 1959 xandrO.
508 1896 583 1969 Et
608 1891 731 1974 post
760 1911 997 1950 mortem
1026 1888 1269 1968 parentis
1303 1888 1523 1966 legatos
1559 1883 1636 1942 mi·

235 1981 413 2049 serat‚
450 1981 550 2058 qui
580 1973 938 2036 consulerent
974 1992 1136 2038 eum,
1177 1990 1409 2047 regnare
1435 1967 1488 2027 se
1525 1969 1633 2026 inte

236 2067 342 2124 rim
365 2062 578 2129 vellem
612 2080 679 2118 an
706 2057 983 2135 privatum
1022 2052 1266 2132 opperiri
1302 2053 1418 2128 ejus
1455 2047 1626 2108 adven

237 2165 381 2205 tum.
406 2145 793 2218 Permissoque
819 2155 882 2195 ut
907 2153 1165 2213 regnaret
1182 2176 1197 2201 ‚
1224 2153 1334 2190 non
1364 2150 1548 2193 tamen
1577 2131 1627 2191 iu

236 2228 432 2289 datum
466 2242 731 2300 usurpare
767 2217 1035 2277 sustinuit.
1075 2214 1127 2275 Is
1172 2215 1412 2293 benigne
1440 2209 1637 2291 quiden*

239 2324 542 2386 exceperat
580 2299 988 2382 Ephaestionem
1019 2341 1036 2366 ‚
1075 2300 1383 2376 gratuitum
1421 2292 1628 2351 frumen

240 2410 361 2451 tum
387 2385 562 2467 copiis
587 2387 703 2461 ejus
731 2381 1024 2441 admensus
1052 2398 1065 2435 :
1106 2399 1218 2436 non
1257 2397 1442 2445 tamen
1479 2377 1526 2433 ei
1559 2393 1623 2431 oe

237 2487 489 2541 currerat
511 2511 528 2536 ‚
563 2488 634 2532 ne
659 2462 832 2526 fidem
870 2460 1036 2520 ullius
1072 2460 1174 2519 nisi
1203 2459 1347 2538 regis
1389 2457 1626 2534 experire

237 2574 351 2613 tur.
376 2549 578 2629 Itaque
599 2545 846 2623 venienti
870 2542 1096 2607 obviarn
1125 2563 1253 2601 cum
1276 2558 1488 2598 armato
1510 2554 1624 2596 exer

235 2636 362 2703 citu.
381 2651 632 2713 egressus
657 2626 771 2704 est3
804 2625 1083 2706 elephanti
1106 2642 1334 2702 quoque
1357 2641 1458 2699 per
1483 2613 1622 2678 modi
1683 2623 1690 2632 “

237 2729 301 2787 ca
325 2711 614 2783 intervalla
647 2709 884 2775 militum
922 2703 1384 2788 agminidrnmixti
1405 2744 1422 2775 ,
1461 2716 1620 2781 procu
1681 2711 1690 2767 ζ

1581 2795 1635 2850 ds:
