1690 3067
238 98 505 153 LIVRE
545 101 600 149 V.
637 98 1098 148 CHAPJTRE
1140 97 1225 150 II.
1383 108 1445 160 ις

21 205 122 247 nos
160 187 359 266 cuique
393 182 729 253 haberetur,
767 186 1011 265 ignorari
1045 205 1160 243 non
1197 199 1445 264 poterat.

19 268 238 328 Primus
283 270 532 328 omnium
593 267 813 326 virtutis
859 287 1021 326 causa
1078 265 1320 326 donatus
1369 259 1447 322 est

20 349 333 410 Adarchias
364 346 576 414 senior,
611 349 705 427 qui
731 350 991 407 omissum
1017 346 1165 427 apud
1194 347 1450 407 Halicar-

22 453 224 494 nasson
250 453 279 489 a
302 429 612 510 junioribus
643 430 894 508 praelium
920 450 1060 487 unus
1094 430 1330 488 maxime
1358 448 1451 486 ac-

23 513 308 573 cenderat.
355 511 648 570 Proximus
696 513 746 569 ei
783 510 1100 590 Antigenes
1146 511 1295 570 visus
1331 508 1449 568 est:

23 596 251 654 tertium
264 594 453 652 locum
468 591 713 650 Philotas
728 592 965 672 Angeus
979 592 1224 651 obtinuit
1247 610 1259 650 ε
1282 613 1453 671 quar--⁷

27 695 117 735 tus
145 676 414 756 Amyntae
446 673 608 733 datus
643 672 718 732 est
748 695 760 733 t
799 672 920 753 post
951 675 1052 733 hos
1078 673 1405 754 Antigonus
1431 713 1452 742 ,

27 761 88 817 &
114 757 182 818 ab
208 779 276 817 eo
309 754 616 838 Lyncestes
645 755 926 836 Amyntas
957 754 1065 816 fuit
1103 777 1115 814 :
1156 754 1454 835 septimum

25 838 217 899 locum
254 837 629 897 Theodotus:
674 837 928 896 ultimum
977 838 1220 897 obtinuit
1257 835 1456 894 Hella-

27 922 203 980 nicus,
227 919 294 978 In
318 919 605 999 disciplina
636 940 862 998 quoque
890 918 1138 978 militaris
1162 920 1241 978 rei
1269 916 1457 996 plera-

28 1024 141 1082 que
168 1024 195 1060 a
225 1001 524 1080 majoribus
551 1000 752 1058 tradita
777 999 987 1058 utiliter
1010 1002 1268 1059 mutavit.
1304 999 1455 1057 Nam

31 1106 161 1142 cum
179 1101 325 1151 ante,
347 1087 564 1161 equites
588 1083 642 1140 in
666 1080 815 1139 suam
834 1085 1069 1161 quisque
1094 1102 1322 1161 gentem
1341 1078 1457 1139 des-

29 1164 379 1224 criberentur
410 1161 655 1222 seorsum
685 1184 713 1221 a
740 1167 939 1223 ceteris
965 1183 985 1234 3
1019 1182 1244 1223 exemto
1270 1164 1460 1222 natio-

30 1267 166 1305 num
202 1245 516 1305 discrimine
541 1288 557 1313 ,
595 1243 866 1324 praefectis
890 1288 907 1314 ,
947 1266 1059 1303 non
1101 1250 1297 1326 utique
1331 1243 1457 1304 sua-

31 1346 152 1388 rum
178 1329 430 1407 gentium
451 1371 467 1396 ,
504 1326 599 1387 sed
636 1325 860 1385 delectis
880 1369 896 1395 ,
933 1325 1406 1399 attribuimTuba
1434 1366 1455 1396 ᾗ

33 1431 162 1468 cum
188 1408 358 1469 castra
393 1431 618 1468 movere
644 1409 841 1478 vellet,
871 1411 1090 1488 signum
1116 1407 1284 1468 dabat
1304 1452 1323 1478 ,
1360 1430 1462 1471 cuv⁴

30 1494 116 1571 jus
142 1489 304 1551 sonus
330 1491 662 1572 plerumque
688 1534 703 1560 ,
730 1490 1190 1550 tumultuantium
1229 1490 1458 1551 fremitu

29 1575 351 1642 exoriente,
379 1573 527 1633 haud
552 1573 676 1632 satis
705 1572 1138 1633 exaudiebatur:
1169 1594 1307 1653 ergo
1331 1594 1460 1652 pera

27 1656 196 1715 ticam
223 1698 239 1723 ,
290 1676 413 1734 quae
456 1654 703 1734 undique
740 1656 989 1735 conspici
1027 1674 1218 1735 posset
1242 1698 1259 1724 ‚
1290 1653 1454 1732 supra

28 1739 354 1818 praetorium
387 1735 610 1805 statuit,
656 1758 724 1795 ex
763 1758 871 1817 qua
912 1743 1128 1817 signum
1171 1738 1453 1796 eminebat:

27 1821 232 1898 pariter
274 1818 533 1879 omnibus
581 1821 946 1899 conspicuum
981 1840 994 1878 ε
1045 1818 1451 1879 observabatur

30 1902 169 1981 ignis
198 1902 365 1959 nodiu
386 1943 404 1969 ,
435 1898 618 1958 fumus
643 1900 903 1959 interdiu.

115 1982 350 2061 Jamque
393 1982 533 2041 Susa
582 1981 802 2041 adituro
850 1982 1112 2041 Abulites
1142 2026 1159 2051 ‚
1204 1984 1450 2062 regionis

31 2065 148 2142 ejus
172 2062 462 2143 praefeffiffls
484 2105 500 2131 ,
541 2068 655 2123 sive
680 2063 840 2123 Darii
861 2067 1011 2143 jussu
1030 2107 1046 2133 ‚
1091 2083 1154 2121 ut
1197 2063 1449 2133 Alexan-7

29 2145 192 2205 drum
217 2144 400 2224 praeda
427 2146 730 2220 retineret3
761 2151 874 2207 sive
904 2144 1101 2223 sponte
1126 2144 1302 2205 filium
1340 2147 1451 2211 obe

30 2228 175 2288 viam
200 2227 346 2287 misit
373 2270 388 2296 ,
421 2227 753 2286 traditurum
777 2226 830 2288 se
866 2228 1060 2287 urbem
1094 2227 1452 2305 promittenso'
1536 2293 1549 2297 g

29 2307 281 2387 Benigne
303 2311 564 2388 juvenem
590 2311 810 2389 excepit
844 2331 976 2377 rex,
1017 2314 1073 2368 &
1100 2331 1168 2367 eo
1194 2309 1339 2369 duce
1377 2308 1449 2370 ad

35 2388 332 2469 Choaspen
366 2413 580 2451 amnem
614 2393 868 2470 pervenit
887 2434 902 2459 ,
931 2391 1257 2460 delicatam,
1285 2411 1345 2450 ut
1367 2390 1453 2451 fa-

29 2492 118 2528 ma
145 2469 254 2539 est,
293 2472 586 2531 vehentem
621 2495 841 2552 aquarn.
878 2471 994 2531 Hic
1029 2472 1292 2532 Abulites
1317 2495 1447 2532 cum

29 2551 192 2609 donis
226 2553 420 2631 regalis
467 2553 767 2631 opulentiae
816 2555 1079 2614 occurrit.
1128 2553 1453 2614 Dromades

29 2631 224 2690 cameli
245 2634 386 2692 inter
405 2632 550 2693 dona
572 2657 726 2696 erant
748 2637 1064 2697 velocitatis
1082 2638 1327 2707 eximiae3
1348 2658 1445 2695 xli

26 2712 326 2798 Elephanti
345 2756 367 2799 ἒ
404 2737 434 2777 a
469 2716 645 2779 Dario
673 2740 741 2779 ex
773 2718 935 2783 India
960 2724 1162 2790 acciti,
1199 2740 1312 2779 non
1334 2721 1452 2799 jam?
