1690 3067
246 78 507 141 ZJVRE
546 92 599 140 V.
641 84 1098 137 CHAPJTRE
1140 79 1270 139 VII.
1401 79 1488 156 '‘5'5

65 171 189 236 ‘vius
224 172 563 233 consultum.
597 170 838 232 Vastatis
880 170 1083 231 deinde
1121 174 1263 254 agris
1307 173 1494 244 Persi-2

71 255 154 315 dis
178 298 197 326 ‚
237 259 490 335 vicisque
531 253 916 334 compluribus
945 252 1180 313 redaffis
1213 257 1268 313 in
1305 253 1492 335 potesss

70 354 243 399 tatem
269 357 288 408 3
322 352 551 398 ventum
584 334 661 395 est
685 338 741 394 in
766 334 1095 395 Mardorum
1117 356 1344 415 gentem
1374 336 1492 395 bel-

4 450 7 451 ⁷
66 416 480 487 licosissimam‚
508 421 567 476 &
589 420 828 478 multum
858 440 888 477 a
912 421 1113 479 ceteris
1148 417 1326 478 Persis
1363 417 1491 478 cul-

71 519 135 559 tu
162 502 292 560 vitae
318 500 731 560 abhorrentem.

150 583 366 661 Specus
391 583 446 639 in
471 581 755 641 montibus
778 579 1003 642 fodiunt
1023 623 1040 650 ,
1072 580 1130 639 in
1155 600 1299 661 quos
1324 578 1500 659 seque

71 684 136 721 ac
156 665 425 743 conjuges
445 666 504 722 &
527 663 734 722 liberos
759 663 1046 723 condunt:
1074 683 1375 745 pecorum,
1397 681 1495 721 aut

71 742 311 805 ferarum
337 766 500 805 carne
528 765 851 806 vescuntur.
891 745 982 804 Ne
1006 742 1221 804 feminis
1266 742 1501 823 quidem.

70 848 173 906 pro
197 827 611 887 naturaehabitu
632 827 889 887 molliora
912 828 1132 906 ingenia
1151 825 1277 883 sunt
1295 846 1494 883 :comae

70 911 389 988 prominent
413 907 570 967 hirtae
592 929 604 967 :
628 907 788 968 vestis
812 907 973 987 super
995 930 1176 987 genua
1195 905 1270 965 est
1290 927 1302 963 ε
1326 905 1498 963 funda

73 989 327 1048 vinciunt
346 987 590 1047 frontem
622 1011 635 1047 :
669 989 779 1048 hoc
805 993 862 1048 &
891 1005 1278 1048 ornamentum
1306 987 1498 1066 capilis

72 1074 131 1128 ὅς
157 1069 333 1128 telum
355 1068 451 1128 est.
486 1071 601 1130 Sed
635 1071 777 1129 hanc
810 1091 1037 1150 quoque
1080 1088 1306 1148 gentem
1347 1068 1499 1128 idem

69 1149 309 1210 fortunae
329 1152 570 1231 impetus
591 1151 829 1210 domuit.
851 1151 1053 1231 Itaque
1067 1152 1352 1231 trigesimo
1375 1149 1462 1210 die
1477 1170 1503 1220 ‚¹

71 1231 431 1313 posteaquam
453 1255 482 1291 a
499 1233 785 1312 Persepoli
814 1231 1094 1312 profecius
1116 1252 1233 1291 erat
1253 1275 1269 1302 ,
1292 1231 1496 1292 eodem

76 1313 259 1374 rediit.
293 1313 464 1373 Dona
495 1313 695 1373 deinde
718 1317 905 1374 amicis
935 1316 1247 1394 ceterisque
1269 1336 1375 1393 pro
1401 1336 1501 1372 cu==

74 1398 274 1476 jusque
313 1393 514 1456 merito
562 1394 738 1455 dedit.
799 1396 1221 1474 Propemodum
1268 1397 1450 1454 omnia
1475 1435 1504 1476 ,Δ

75 1498 202 1557 quae
235 1478 290 1535 in
325 1499 388 1537 ea
420 1478 559 1536 urbe
585 1498 846 1556 ceperat,
889 1476 1196 1536 distributa.

163 1557 343 1617 CAP.
378 1557 543 1618 VII.
584 1559 857 1619 Ceterum
892 1560 1139 1639 ingentia
1181 1558 1346 1618 animi
1392 1557 1499 1617 bo-

71 1660 178 1715 na3
213 1639 363 1699 illam
393 1639 675 1711 indolem,
704 1662 815 1720 qua
840 1661 1033 1702 omnes
1055 1662 1215 1721 reges
1253 1659 1501 1699 anteces-

69 1722 142 1779 sit
161 1744 180 1796 3
221 1721 369 1780 illam
393 1720 446 1779 in
479 1720 780 1780 subeundis
812 1718 1072 1802 periculis
1098 1720 1502 1796 constantiam3

69 1804 126 1863 in
147 1802 314 1862 rebus
339 1801 634 1863 moliendis
657 1802 1073 1885 efficiendisque
1089 1803 1461 1865 ‘velocitatem
1479 1824 1504 1873 3

71 1886 129 1943 in
168 1881 369 1943 deditis
401 1881 615 1954 fidem3
653 1887 708 1945 in
738 1887 973 1965 captivis
1009 1886 1360 1945 clementiam
1391 1905 1410 1955 3
1443 1886 1500 1944 in

72 1966 461 2047 voluptatibus
484 1967 765 2046 permissis
789 1988 1017 2048 quoque
1043 1969 1102 2027 &
1122 1967 1334 2026 usitatis
1356 1984 1498 2025 tem-

71 2049 375 2128 perantiam
396 2089 413 2116 ,
437 2047 590 2106 haud
617 2047 897 2108 tolerabili
928 2049 1042 2110 vini
1071 2046 1380 2128 cupiditate
1402 2045 1506 2119 foe-⁴

73 2130 247 2190 davit.
291 2127 471 2188 Hoste
502 2132 562 2188 &
603 2131 804 2190 aernulo
849 2135 1007 2211 regni
1050 2149 1338 2211 reparante
1377 2148 1500 2188 tum

75 2233 204 2269 cum
239 2212 473 2271 maxime
515 2210 727 2271 bellum
748 2232 769 2283 3
808 2234 987 2292 nuper
1031 2210 1264 2270 subaelis
1291 2254 1306 2279 ‚
1356 2233 1500 2291 quos

75 2295 286 2352 vicerat
306 2333 323 2360 ‚
361 2315 686 2375 novumque
712 2296 1006 2374 imperium
1037 2293 1455 2374 aspernantibus
1478 2315 1502 2365 3

79 2371 148 2431 de
188 2372 275 2432 die
311 2375 486 2434 inibat
519 2378 776 2438 convivia
799 2418 816 2446 3
864 2375 1068 2457 quibus
1106 2374 1324 2437 feminae
1358 2375 1501 2433 inte-

81 2473 300 2513 rerant:
339 2477 453 2516 non
486 2456 716 2537 quidem
739 2479 877 2538 quas
907 2456 1102 2518 violari
1136 2455 1286 2517 nefas
1311 2475 1452 2518 esset
1476 2475 1499 2524 3

76 2537 286 2614 quippe
326 2538 551 2614 pellices
593 2539 849 2599 licentius
884 2561 1050 2618 quam
1093 2538 1330 2598 decebat
1369 2559 1499 2596 cum

77 2635 289 2674 armato
315 2620 498 2678 vivere
525 2641 758 2681 assueta.
792 2622 882 2679 Ex
906 2621 989 2679 his
1013 2643 1120 2681 una
1141 2621 1318 2680 Thais
1340 2624 1396 2679 &
1420 2620 1499 2696 ip·

76 2695 130 2758 fa
158 2697 493 2772 temulenta,
518 2705 811 2761 maximam
840 2700 983 2785 apud
1006 2724 1173 2760 omnes
1208 2707 1498 2758 Graecorum

1222 2801 1329 2852 Ci.r
