1690 3067
139 93 237 154 284
428 92 1337 159 QUJNTE-CURCE,

134 177 317 241 voluit
345 176 555 237 donum
583 176 697 237 Dei
733 176 791 236 id
827 174 1009 235 fuisse.
1041 178 1326 257 Superatis
1359 177 1561 240 deinde

132 260 389 321 amnibus
411 260 584 318 Ocho
610 261 668 318 ὃς
697 258 868 328 Oxo,
903 258 972 318 ad
1003 259 1197 317 urbem
1225 260 1558 340 Marginiam

135 345 415 424 pervenit.
467 341 636 401 Circa
690 363 810 398 eam
855 359 935 398 V1
985 341 1206 419 oppidis
1254 342 1564 417 condendis

138 425 311 484 ele&a
332 420 487 482 sedes
510 421 605 482 est.
633 421 766 479 Euo
794 420 863 480 ad
891 422 1187 481 Meridiem
1209 445 1364 483 versa
1386 444 1404 494 3
1428 447 1564 504 qua-

137 525 272 565 tuor
308 503 605 583 speetantia
661 504 956 562 Orientem
989 524 1008 574 3
1048 503 1282 563 modicis
1326 509 1470 565 inter
1507 503 1562 565 se

135 586 323 666 spatiis
348 584 658 655 distabant3
696 607 764 643 ne
790 585 987 662 procul
1026 585 1393 665 repetendum
1421 606 1569 646 esset

140 688 400 740 mutuum
440 667 726 726 auxilium.
780 667 923 725 Haec
970 673 1155 727 omnia
1199 673 1301 728 sita
1345 667 1469 727 sunt
1511 670 1566 725 in

142 749 307 809 editis
351 749 590 807 collibus
629 769 641 805 τ
681 767 800 806 tum
848 747 1006 807 velut
1048 748 1188 808 freni
1228 748 1568 810 domitarum

143 835 398 912 gentium
422 851 455 901 3⁴
485 851 631 889 nunc
667 832 894 909 originis
931 828 1036 889 suae
1075 830 1247 890 oblita
1282 829 1565 900 serviunt,

116 981 120 984 Α
144 914 349 996 quibus
373 913 806 993 imperaverunt.
841 911 917 970 Et
948 932 1130 974 cetera
1157 911 1386 993 quidem
1411 934 1572 991 paca-

146 1014 306 1056 verat
330 1015 448 1054 rex.

244 1075 295 1134 C
316 1093 353 1132 A
375 1095 428 1133 P.
453 1071 574 1133 XI.
612 1075 746 1133 Una
773 1092 888 1133 erat
913 1094 1069 1154 petra
1091 1117 1108 1143 ‚
1139 1097 1304 1155 quam
1345 1074 1570 1135 Arima·

146 1175 240 1215 zes
278 1156 596 1237 Sogdianus
628 1177 754 1215 cum
795 1177 912 1214 xxx
954 1156 1196 1215 millibus
1232 1178 1573 1217 armatorum

147 1237 474 1313 obtinebat3
502 1236 775 1297 alimentis
801 1257 925 1295 ante
960 1236 1267 1316 congesti‘S,
1294 1260 1418 1318 quae
1442 1259 1574 1297 tan-

147 1339 222 1378 tae
257 1319 602 1379 multitudini
639 1318 728 1380 vel
754 1340 853 1397 per
877 1318 1161 1376 biennium
1193 1317 1572 1398 suppeterent.
1640 1329 1651 1332 “

149 1400 315 1460 Petra
338 1403 390 1458 in
415 1399 766 1460 altitudinem
796 1421 913 1459 xxx
937 1401 1141 1458 eminet
1164 1397 1330 1459 stadia
1355 1443 1369 1468 ,
1397 1402 1578 1461 circu-

150 1483 292 1541 mitu
320 1503 354 1541 C
379 1485 435 1541 &
477 1502 515 1540 L
556 1482 946 1561 compleeiitur
974 1481 1222 1560 undique
1249 1481 1480 1541 abscissa
1517 1485 1576 1541 <Sc

151 1565 388 1643 abrupta
416 1606 431 1631 ,
467 1561 656 1622 semita
689 1560 1015 1642 perangusta
1049 1561 1251 1621 aditur.
1288 1561 1355 1620 In
1388 1563 1577 1622 medio

151 1645 461 1705 altitudinis
486 1643 662 1724 spatio
685 1645 853 1703 habet
877 1644 1101 1723 specum
1123 1686 1140 1712 ‚
1179 1646 1336 1720 cujus
1365 1665 1426 1703 os
1452 1666 1576 1704 are-

150 1745 275 1786 tum
311 1730 368 1786 &
405 1725 710 1786 obscurum
749 1724 826 1784 est
851 1768 867 1794 ,
902 1723 1167 1804 paulatim
1201 1724 1401 1784 deinde
1437 1726 1580 1785 ulte—

151 1810 299 1867 riora
334 1806 690 1887 panduntur:
732 1806 927 1865 ultima
964 1808 1126 1865 etiam
1155 1807 1296 1864 altos
1329 1828 1576 1867 recessus

150 1890 381 1948 habent.
425 1888 638 1947 Fontes
681 1909 780 1967 per
819 1907 1005 1946 totum
1048 1886 1160 1945 fere
1201 1885 1425 1966 specum
1465 1911 1580 1947 ma-

152 1990 326 2045 nant3
364 1992 392 2029 e
419 1970 623 2050 quibus
645 1970 863 2029 collatae
897 1991 1053 2047 aquae
1091 1989 1187 2046 per
1214 1990 1389 2047 prona
1414 1991 1577 2028 mon·

153 2055 225 2112 tis
249 2050 458 2111 flumen
481 2053 761 2111 emittunt.
783 2050 909 2109 Rex
932 2051 1043 2109 loci
1069 2048 1396 2109 difficultate
1416 2049 1579 2131 spec-

153 2153 268 2192 tata
298 2132 561 2192 statuerat
596 2131 725 2193 inde
759 2132 910 2193 abire
942 2153 953 2190 ε
996 2130 1205 2210 cupido
1247 2130 1448 2191 deinde
1493 2135 1581 2190 in-

155 2216 321 2274 cessit
341 2219 527 2274 animo
563 2233 814 2272 naturam
849 2235 1077 2293 quoque
1101 2212 1388 2292 fatigandi.
1423 2214 1580 2275 Prius

155 2317 343 2355 tamen
369 2316 535 2374 quam
559 2292 842 2353 fortunam
866 2294 1174 2353 obsidionis
1198 2295 1580 2373 experiretur,

160 2377 402 2455 Cophan
440 2379 465 2450 (
501 2375 772 2435 Artabazi
804 2376 894 2434 hic
930 2375 1078 2434 filius
1121 2379 1283 2451 erat)
1321 2376 1467 2435 misit
1507 2377 1580 2436 ad.

157 2459 426 2518 barbaros
450 2499 465 2525 ‚
503 2458 598 2536 qui
635 2455 928 2524 suaderet,
967 2476 1028 2514 ut
1054 2454 1323 2515 dederent
1363 2478 1578 2535 rupem.

159 2539 454 2598 Arimazes
484 2537 614 2598 loco
642 2536 815 2599 fretus
837 2580 852 2606 ,
884 2536 1118 2618 superbe
1151 2538 1324 2596 multa
1360 2538 1587 2618 respon-

162 2619 266 2680 dit.
305 2619 405 2679 Ad
443 2619 698 2678 ultimum
740 2641 810 2676 an
839 2617 1150 2676 Alexander
1174 2621 1351 2674 volare
1382 2623 1581 2698 possit?

165 2704 494 2787 interrogat.
538 2702 685 2788 Quae
722 2705 976 2783 nuntiata
1011 2701 1129 2784 regi
1167 2701 1244 2762 sic
1282 2699 1590 2778 accendere
1664 2739 1671 2743 ·
