1690 3067
1372 38 1401 58 §-

195 83 458 138 LJVRE
485 86 647 139 νηί.
677 89 1134 140 CHAPITRE
1167 83 1327 141 XIV.
1407 103 1504 156 399

60 193 306 255 «peatOS,
335 172 477 232 duos
501 169 810 252 sagittarios
837 175 904 233 ab
931 196 1174 256 utroque
1200 176 1370 235 latere
1393 174 1503 234 dis«

60 256 333 334 ·positos;
373 255 546 314 ceteri
570 256 774 335 aurigae
805 277 959 314 erant
981 299 996 324 ,
1032 257 1181 316 haud
1206 257 1329 316 sane
1354 259 1504 316 iner-

63 357 230 403 meS,
265 338 472 416 quippe
518 335 696 416 jacula
741 337 1028 416 complura
1058 383 1075 407 ,
1117 339 1210 397 ubi
1249 340 1506 397 cominus

68 416 442 496 *praeliandum
490 437 645 487 erat,
692 420 902 477 omissis
932 419 1159 479 habenis
1196 421 1248 477 in
1289 418 1503 478 hostem

61 498 424 577 ringerebant.
449 499 730 575 ‘Ceterum
764 502 859 561 vix
883 500 1029 560 ullus
1058 521 1188 559 usus
1213 499 1374 577 hujus
1406 523 1503 558 au-

78 581 197 640 xilii
235 601 302 638 eo
342 579 432 641 die
466 578 591 639 fuit.
635 580 897 662 Namque
931 626 947 651 ‚
992 602 1052 641 ut
1093 580 1254 662 supra
1293 582 1502 641 dicium

77 660 154 721 est
172 704 187 730 ,
220 662 398 721 imber
421 662 720 723 violentius
747 685 912 743 quam
940 663 1071 724 alias
1094 662 1246 722 fusus
1274 684 1504 742 campos

77 743 321 803 lubricos
347 748 402 804 ὃς
434 745 821 824 inequitabiles
852 744 1058 805 fecerat
1079 767 1386 825 gravesque
1404 787 1418 812 ,
1441 749 1501 805 ὃς

76 825 489 906 propemodum
520 826 830 885 immobiles
857 849 1051 886 currus
1085 827 1273 886 illuvie
1306 831 1362 885 δέ
1395 848 1501 886 γοα

41 907 360 988 '‘raginibus
392 908 697 967 haerebant.
736 909 951 968 Contra
979 909 1303 968 Alexander
1330 930 1499 988 expe-

59 987 199 1048 ‘dito
230 1010 294 1048 ac
322 988 430 1059 levi
462 990 679 1070 agmine
698 988 917 1050 strenue
947 993 1198 1052 invectus
1224 988 1318 1049 est.
1352 992 1500 1071 Scy-

73 1069 184 1128 thae
223 1076 281 1131 &
325 1069 505 1130 Dahae
543 1072 704 1150 primi
736 1078 986 1132 omnium
1012 1075 1260 1133 invasere
1282 1070 1457 1130 Indos
1481 1094 1500 1131 1:

39 1151 381 1226 q-Perdiccan
417 1151 618 1211 deinde
651 1174 781 1212 cum
822 1153 1104 1235 equitibus
1135 1156 1189 1212 in
1236 1151 1498 1213 dextrum

55 1232 513 1294 ·cornuhostium
546 1235 745 1294 emisit.

152 1317 270 1385 Jam
306 1315 555 1396 undique
578 1338 764 1396 pugna
786 1313 838 1374 se
864 1335 1158 1388 moverat3
1185 1339 1312 1375 cum
1337 1319 1374 1375 ii
1399 1316 1498 1395 qui

56 1419 270 1458 ·currus
301 1398 541 1479 agebant
567 1443 582 1467 ,
619 1397 758 1457 illud
786 1397 1040 1456 ultimum
1070 1398 1331 1456 auxilium
1361 1395 1498 1456 suo-

71 1500 196 1540 rum
220 1482 323 1539 rati
346 1523 362 1550 ‚
398 1478 583 1538 effusis
606 1480 832 1539 habenis
854 1481 906 1536 in
934 1481 1177 1539 medium
1201 1480 1495 1556 discrimen

58 1582 231 1622 ·ruere
272 1582 587 1642 coeperunt.
629 1563 859 1641 Anceps
896 1560 953 1620 id
993 1563 1198 1620 malum
1242 1563 1496 1641 utrisque

71 1663 225 1703 erat:
258 1663 383 1702 nam
422 1646 480 1701 &
520 1643 900 1704 Macedonum
935 1643 1152 1723 pedite-s
1184 1644 1363 1723 primo
1390 1645 1495 1713 imm,

55 1745 205 1805 ‘petu
230 1724 632 1786 obterebantur
651 1749 672 1799 3
704 1728 762 1784 &
792 1746 892 1805 per
914 1725 1126 1784 lubrica
1152 1745 1318 1806 atque
1343 1726 1492 1786 invia

70 1809 294 1868 immissi
329 1829 523 1867 currus
547 1808 905 1867 excutiebant
932 1829 1027 1866 eos
1048 1853 1065 1878 ,
1100 1831 1130 1867 a
1164 1806 1368 1887 quibus
1400 1829 1493 1867 re·-

69 1890 365 1970 gebantur.
391 1889 657 1950 Aliorum
681 1889 890 1950 turbati
919 1891 1048 1970 equi
1083 1910 1194 1949 non
1230 1891 1284 1947 in
1319 1911 1490 1949 vora-

69 1972 224 2051 gines
257 1970 430 2032 modo
465 1971 802 2051 lacunasque
823 2015 839 2042 ‚
875 1968 969 2029 sed
994 1973 1159 2031 etiam
1184 1975 1239 2031 in
1271 1993 1489 2040 amnem

54 2055 487 2132 'praecipitavere
516 2052 811 2113 curricula.
847 2051 1018 2111 Pauci
1039 2073 1221 2112 tamen
1250 2052 1489 2111 hostium

53 2151 227 2194 tenus
262 2137 438 2195 exaffi
474 2154 836 2215 penetravere
877 2133 948 2192 ad
980 2135 1186 2193 Porum
1225 2136 1489 2194 acerrime

69 2233 313 2296 pugnam
358 2218 617 2277 cientem.
667 2214 725 2274 Is
768 2236 830 2274 ut
871 2213 1164 2295 dissipatos
1204 2236 1324 2277 tota
1369 2217 1485 2276 acie

21 2344 24 2350 .
54 2316 261 2356 currus
295 2301 482 2380 vagari
517 2300 631 2358 sine
668 2298 976 2356 reeioribus
1008 2298 1149 2358 vidit
1174 2319 1190 2368 3
1220 2299 1487 2378 proximis

9 2440 12 2441 a
56 2384 378 2440 'amicorum
413 2379 688 2441 distribuit
720 2380 1064 2460 elephantos·
1096 2380 1223 2439 Post
1250 2402 1345 2440 eos
1380 2401 1487 2458 po-

68 2457 248 2520 suerat
282 2462 498 2542 pedites
536 2484 599 2521 ac
634 2463 944 2542 sagittarios
968 2481 1234 2544 tympana
1266 2461 1488 2540 pulsare

10 2574 12 2586 z
67 2537 278 2602 solitos,
310 2542 382 2603 Id
407 2566 510 2624 pro
535 2565 701 2603 cantu
735 2544 996 2601 tubarum
1021 2543 1177 2604 Indis
1201 2563 1316 2603 erat
1341 2563 1353 2599 ε
1381 2562 1486 2601 nec

71 2619 298 2703 strepitu
341 2647 537 2684 eorum
577 2625 985 2693 movebantur,
1022 2626 1152 2685 olim
1187 2625 1256 2684 ad
1291 2644 1487 2681 notum

2 2731 3 2734 ¹
61 2700 261 2768 sonum
317 2706 539 2770 auribus
600 2708 886 2789 mitigatis,
944 2708 1208 2770 Herculis
1263 2705 1486 2766 simula-

1685 1706 1690 1782 ἑ

1683 1787 1690 1850 i

1682 1852 1687 1935 f
